2414 3832
373 176 646 227 murmurosum
663 177 772 228 amna
789 177 823 230 n.
1037 173 1102 239 345

91 317 197 399 Xllll.
230 319 339 403 itaque
360 323 429 402 ΖΘ,
444 321 511 383 ΖΚ
527 318 703 384 rationales
718 321 794 383 sunt
811 319 957 401 potentia
975 323 1104 385 tantum

93 424 409 489 commensurabiles.
467 445 564 507 quare
606 426 675 487 ΚΘ
715 426 866 507 apotome
908 429 958 489 est
1000 428 1103 510 [prop.

93 529 259 614 LXXIHJ,
282 534 349 595 KZ
372 533 481 594 autem
504 530 533 594 ei
557 549 749 614 congruens.
793 530 859 593 iam
882 527 958 595 ΘΖ’
980 533 1104 597 excedit

94 640 163 702 ΖΚ
166 634 178 672 2
203 637 361 721 quadrato
384 639 491 700 rectae
514 639 571 700 aut
590 636 890 701 commensurabilis
910 639 967 700 aut
985 637 1104 701 incom-

95 743 334 808 mensurabilis.

160 849 254 914 Prius
279 847 412 912 excedat
435 848 594 932 quadrato
622 849 933 915 commensurabilis.
976 851 1011 948 5et
1033 852 1106 913 tota

94 959 156 1020 ΘΖ
184 954 336 1019 rationali
364 954 552 1037 propositae
577 957 649 1018 ΖΗ
671 954 875 1040 longitudine
904 937 1105 1021 commensu-

93 1060 208 1126 rabilis
228 1063 285 1125 est.
321 1081 420 1144 quaro
438 1061 504 1124 ΚΘ
522 1063 673 1144 apotome
692 1062 742 1124 est
754 1059 860 1143 prima
875 1059 960 1140 [deff.
973 1063 1045 1124 tert.
1062 1061 1104 1141 1].

92 1171 183 1232 recta
214 1172 323 1233 autem
356 1167 464 1252 spatio
496 1166 728 1250 comprehenso
764 1170 855 1231 recta
886 1166 1040 1232 rationali
1073 1167 1106 1230 et

94 1276 245 1357 apotome
268 1273 375 1355 prima
397 1272 540 1355 aequalis
564 1271 723 1355 quadrata
746 1275 898 1356 apotome
923 1275 973 1337 est
1001 1274 1105 1355 [prop.

94 1375 194 1456 XCI}
241 1398 318 1461 ergo
346 1379 435 1440 recta
463 1376 569 1459 spatio
593 1381 672 1461 ΛΘ,
698 1377 761 1443 hoe
784 1383 835 1443 est
857 1381 932 1460 ΕΓ,
959 1378 1105 1461 aequalis

98 1481 255 1566 quadrata
278 1485 430 1566 apotome
454 1485 511 1546 est.
569 1521 572 1526 -

164 1588 215 1652 sin
238 1585 313 1653 ΘΖῖ
335 1586 460 1653 excedit
483 1585 566 1652 ZK²
589 1587 748 1672 quadrato
769 1594 878 1655 rectae
902 1590 966 1654 sibi
988 1589 1105 1654 incom-

90 1695 345 1779 mensurabilis,·
377 1696 409 1758 et
440 1696 511 1758 tota
542 1698 603 1758 ΖΘ
632 1695 788 1761 rationali
819 1694 1006 1780 propositae
1038 1699 1111 1760 ZH

96 1801 303 1884 longitudine
335 1800 636 1866 commensurabilis
674 1805 736 1884 est,
772 1804 842 1865 ΚΘ
875 1805 1025 1885 apotome
1058 1805 1107 1866 est

97 1910 213 1990 quarta
233 1907 317 1987 [deff.
331 1909 405 1970 tert.
418 1906 463 1986 41.
500 1908 590 1970 recta
611 1909 720 1970 autem
744 1907 850 1990 spatio
875 1907 1105 1991 comprehenso

95 2016 185 2077 recta
212 2012 364 2077 rationali
393 2015 425 2077 et
452 2013 603 2096 apotome
631 2013 749 2095 quarta
778 2013 922 2096 aequalis
951 2013 1107 2098 quadrata

97 2119 201 2183 minor
226 2123 277 2184 est
301 2120 404 2202 [prop.
427 2115 560 2201 XCIV];
585 2117 670 2201 quod
694 2120 764 2182 arat
786 2118 1080 2185 demonstrandum.

564 2289 646 2370 CIX.

167 2414 280 2500 Spatio
303 2415 456 2479 rationali
480 2438 498 2479 a
523 2415 630 2479 medio
658 2416 768 2482 ablato
792 2418 873 2482 aliae
897 2417 977 2483 duae
1000 2424 1106 2484 rectae

97 2522 305 2587 irrationales
335 2521 484 2585 oriuntur
512 2526 568 2585 aut
591 2522 714 2587 mediae
743 2529 893 2608 apotome
919 2524 1024 2609 prima
1051 2529 1108 2590 aut

98 2633 189 2694 recta
211 2650 283 2693 cum
305 2627 461 2692 rationali
483 2630 590 2692 totum
613 2628 755 2693 medium
779 2629 929 2694 efficiens.

165 2736 195 2799 Α
221 2734 326 2799 medio
353 2733 439 2798 enim
462 2736 529 2797 ΒΓ
550 2734 710 2798 rationale
734 2734 898 2799 auferatur
917 2739 993 2799 BA.
1027 2736 1108 2822 dieo,

98 2848 222 2907 rectam
246 2840 353 2924 spatio
376 2839 501 2924 reliquo
525 2842 592 2904 ΕΓ
611 2841 778 2924 aequalem
802 2841 992 2924 quadratam
1014 2842 1108 2926 alter-

96 2953 205 3028 utram
215 2949 376 3011 rectarum
390 2945 628 3010 irrationalium
644 2967 714 3011 esse
729 2951 786 3011 aut
799 2947 925 3014 mediae
934 2951 1108 3030 apotomen

96 3107 134 3142 m.
154 3093 178 3141 2.
242 3091 283 3141 14.
304 3084 432 3140 OZBF.
493 3090 534 3139 15.
555 3086 625 3156 ZH]
646 3101 715 3139 corr.
735 3085 978 3142 exzem.1r.
1038 3082 1108 3142 ἄτο-

96 3154 167 3227 copi]
188 3152 245 3224 doce
263 3157 344 3211 BFb.
420 3162 460 3210 16.
480 3155 513 3210 δέ
532 3155 564 3210 Β.
644 3161 685 3209 17.
703 3154 770 3210 Post
789 3151 864 3212 ἐστίν
882 3155 944 3212 add.
963 3152 981 3224 ἡ
1001 3152 1058 3224 ἄρα
1076 3155 1107 3213 τὸ

99 3233 166 3298 (om.
181 3229 211 3297 b)
230 3230 294 3295 ΛΘ,
313 3225 438 3281 τουτέστι
452 3224 484 3280 τὸ
500 3229 563 3295 ΕΓ,
582 3224 726 3295 δυναμένη
742 3223 865 3281 ἐλάσσων
881 3223 956 3281 ἐστίν
973 3226 1033 3295 BF,
1052 3247 1107 3298 mg.
1192 3246 1195 3265 ¹

98 3318 135 3353 m.
158 3305 171 3352 1
191 3299 218 3353 b.
296 3293 365 3364 ὅπερ
385 3296 446 3352 ἔδει
464 3297 569 3366 δεῖξαι]
590 3313 678 3365 comp.
693 3295 728 3366 P,
747 3312 800 3352 om.
821 3296 902 3353 Bra.
979 3303 1022 3352 19.
1041 3297 1110 3354 Post
1181 3270 1195 3375 d

96 3365 156 3424 ἀπό
177 3369 242 3424 add.
261 3369 311 3423 aod
330 3368 358 3436 b,
377 3384 413 3421 m.
433 3373 449 3420 2
468 3367 498 3420 F.
563 3373 606 3421 20.
626 3369 770 3435 ylprovvna
788 3367 820 3422 Β.
885 3365 958 3436 μέση
973 3368 1011 3424 Β,
1065 3376 1123 3420 Ὦ.

99 3436 171 3563 edepl]
192 3457 261 3564 corp).
281 3455 314 3494 ex
336 3434 394 3493 ὑπό
415 3435 448 3493 V.
508 3431 566 3493 dat
585 3467 620 3478 -
642 3437 712 3512 Ml
725 3438 825 3496 ‘uiso
876 3443 930 3493 aa.
946 3437 1024 3507 atat
1036 3435 1145 3486 cmm

148 3529 223 3577 oyoev
259 3550 264 3562 .
317 3554 321 3560 .
