2414 3832
124 190 190 254 354
510 189 711 242 ΣΤΟΙΧΕΙΩΝ
730 184 758 242 ι’.

124 330 424 418 παραβαλλόμενον
451 330 574 410 πλάτος
599 344 691 398 ποιεῖ
716 327 888 415 άποτομὴν
916 327 1071 417 πρωτην,
1104 334 1144 398 τὸ

125 439 162 506 δὲ
186 435 250 505 άπὸ
274 441 376 525 μέσης
398 435 566 523 ἀποτομῆς
588 436 720 522 πραότης
738 433 826 523 παρὰ
846 432 952 523 ῥητὴν
971 441 1143 522 παραβαλ·

125 546 269 633 λόμενον
292 545 416 624 πλάτος
438 558 528 611 ποιεῖ
548 542 722 630 ἀποτομὴν
745 544 921 631 δευτέραν,
943 540 982 608 τὸ
1008 543 1047 609 δέ
1073 540 1143 610 άπὸ

124 655 224 740 μέσης
238 651 410 738 ἀποτομῆς
427 652 585 736 δευτέρας
602 648 692 736 παρά
711 647 817 736 ῥητὴν
834 648 1143 735 παραβαλλόμενον

89 782 105 830 5
124 760 246 839 πλάτος
278 771 369 826 ποιεῖ
389 756 563 844 ἀποτομὴν
586 761 717 844 τρίτην,
742 755 781 824 τό
806 755 844 824 δέ
867 753 933 824 άπὸ
957 753 1144 835 ἐλάσσονος

124 868 214 952 παρά
242 864 347 953 ῥητὴν
375 862 675 950 παραβαλλόμενον
700 860 826 941 ’πλάτος
854 875 945 929 ποιεῖ
964 859 1143 949 ἀποτομὴν

124 973 299 1059 τετάρτην,
331 970 369 1038 τό
399 971 436 1038 δὲ
463 968 529 1037 άπὸ
556 974 615 1056 τῆς
637 967 718 1055 μετά
742 971 846 1055 ῥητοῦ
869 971 973 1054 μέσον
995 967 1034 1035 τὸ
1059 966 1142 1036 όλον

124 1081 286 1163 ποιούσης
312 1075 403 1164 παρὰ
431 1075 536 1162 ῥητὴν
567 1075 868 1161 παραβαλλόμενον
900 1073 1025 1154 πλάτος
1052 1089 1145 1144 ποιεῖ

124 1182 298 1269 ἀποτομὴν
321 1182 486 1269 πέμπτην,
508 1180 547 1249 τὸ
571 1182 609 1249 δὲ
631 1179 698 1249 άπὸ
720 1193 779 1269 τῆς
801 1181 883 1268 μετά
907 1181 1013 1267 μέσον
1036 1184 1141 1268 μέσον

72 1314 105 1363 10
123 1291 161 1356 τὸ
181 1290 262 1357 ὅλον
281 1287 442 1374 ποιούσης
461 1288 549 1378 παρὰ
570 1291 675 1376 ῥητὴν
694 1288 997 1377 παραβαλλόμενον
1015 1288 1142 1370 πλάτος

124 1409 216 1464 ποιεῖ
241 1393 415 1482 άποτομηυ
443 1396 550 1482 ἕκτην.
596 1395 664 1463 ἐπεὶ
694 1387 757 1462 οὖν
784 1394 825 1461 τά
849 1395 1009 1483 εἰρημένα
1031 1395 1140 1482 πλάτη

124 1505 276 1592 διαφέρει
292 1508 355 1572 τοῦ
372 1501 561 1590 τεπριότου
579 1501 634 1569 καὶ
654 1500 818 1588 άλλήλων,
840 1506 903 1569 τοῦ
916 1500 977 1587 μέν
993 1501 1141 1589 πρώτον,

124 1608 175 1678 ότι
199 1609 284 1698 ῥητή
307 1611 412 1694 ἐστιν,
441 1608 596 1695 άλλήλων
620 1606 674 1693 δέ,
698 1608 767 1676 έπεὶ
790 1612 830 1696 τῇ
853 1607 942 1689 τάξει
967 1606 1031 1674 ούκ
1054 1609 1142 1676 ελσλν

124 1721 162 1784 αῖ
183 1714 293 1804 αὐταί,
317 1720 434 1802 δῆλον,
459 1713 503 1795 ὡς
524 1715 581 1783 καὶ
605 1712 702 1782 αύταὶ
722 1717 760 1781 αλ
781 1712 898 1799 άλογοι
917 1715 1142 1804 διαφέρουσιν

72 1846 105 1894 15
124 1822 288 1909 άλλήλων.
332 1822 389 1890 καὶ
418 1823 487 1890 ἐπεὶ
515 1826 679 1890 δέδεικται
705 1818 725 1908 ἡ
749 1819 898 1907 ἀποτομὴ
923 1819 984 1889 ούκ
1008 1813 1141 1908 οὖσαὴ

124 1927 207 2016 αὐτὴ
232 1933 271 2017 τῇ
296 1930 331 1995 έκ
359 1927 422 1996 δύο
452 1926 643 2014 ὀνομάτων,
677 1930 812 1994 ποιοῦσι
845 1927 882 1995 δέ
910 1927 1018 2014 πλάτη
1048 1928 1140 2018 παρὰ

125 2038 230 2122 ῥητὴν
244 2033 537 2123 παραβαλλόμεναι
551 2036 589 2099 αλ
601 2036 681 2119 μετὰ
695 2032 759 2121 τὴν
777 2031 950 2120 άποτομὴν
968 2031 1143 2120 άποτομάς

124 2139 323 2220 ἀκολούθως
353 2138 471 2224 ἑκάστη
504 2143 544 2228 τῇ
578 2139 666 2220 τάξει
699 2151 739 2228 τῇ
771 2137 851 2208 καθ’
877 2138 1001 2226 αὑτήν,
1034 2143 1074 2206 αλ
1105 2141 1142 2209 δέ

124 2245 205 2333 μετά
228 2245 292 2333 τὴν
315 2249 351 2314 έκ
375 2247 437 2314 δύο
463 2243 639 2333 ὀνομάτων
661 2245 719 2327 τὰς
742 2250 777 2315 ἐκ
801 2245 865 2314 δύο
890 2244 1067 2333 ὀνομάτων
1087 2249 1142 2315 καὶ

71 2379 106 2427 20
125 2351 223 2421 αύταὶ
245 2358 285 2442 τη
308 2353 398 2434 τάξει
423 2350 636 2439 ἀκολούθως,
665 2355 773 2440 ἕτεραι
801 2351 867 2441 άρα
891 2352 977 2420 εἰσὶν
1001 2356 1039 2421 αλ
1060 2352 1143 2440 μετά

124 2460 186 2547 τὴν
209 2459 380 2547 ἀποτομὴν
401 2460 457 2528 καὶ
477 2461 584 2542 ἕτεραι
603 2463 641 2527 αλ
652 2462 732 2547 μετά
744 2459 808 2548 τὴν
822 2463 858 2528 ἐκ
873 2462 935 2529 δύο
950 2457 1143 2547 ὀνομάτων,

125 2564 169 2645 ὡς
193 2564 280 2634 εἶναι
303 2578 342 2656 τῇ
366 2565 455 2647 τάξει
479 2566 585 2646 πάσας
608 2564 751 2653 άλόγους
772 2573 818 2652 ι’μ,

191 2675 321 2759 Μέσην,

189 2776 242 2847 Ἐκ
266 2778 330 2847 δύο
354 2777 540 2866 ὀνομάτων,

72 2912 106 2959 ‘25
190 2883 244 2952 Ἐκ
268 2884 332 2952 δύο
356 2888 467 2971 μέσων
491 2883 637 2971 πρωτην,

189 2988 243 3058 Ἐκ
258 2989 331 3057 δύο
355 2991 467 3077 μέσων
491 2990 660 3078 δευτέραν,

195 3104 350 3184 Μείζονα,

187 3202 305 3290 Ῥητὸν
328 3204 384 3271 καὶ
407 3205 511 3291 μέσον
534 3205 736 3322 δυναμένην,

198 3336 221 3383 1.
246 3325 277 3382 τό
298 3328 379 3383 δέ·-
393 3335 419 3385 8.
439 3328 589 3474 δευτέραν]
609 3347 664 3398 mg
684 3327 809 3382 m.1v.
873 3333 898 3382 5
918 3322 1067 3390 ἐλάττονος
1084 3326 1142 3394 Bb,

121 3413 212 3469 comp
231 3398 263 3458 F
345 3405 369 3459 9.
409 3396 459 3461 ετά
494 3417 548 3456 om.
567 3399 597 3454 F
676 3404 717 3453 11.
738 3391 801 3469 οὖν]
821 3415 889 3454 corr.
909 3415 944 3452 ex
962 3393 996 3452 ού
1015 3397 1141 3453 m.1P.

144 3474 188 3526 12,
214 3468 335 3540 πρεότου
339 3399 515 3623 ]1όὲιῐὶῠ8)
507 3491 539 3530 m
560 3469 671 3530 1¹81st
750 3475 796 3525 λδ
818 3465 903 3536 ἒξττελ.
917 3463 1016 3521 ’ὀττΒ
1098 3474 1140 3524 17.

92 3543 356 3619 παραβαλλόμενα
434 3565 512 3609 corr.
526 3566 566 3604 m.
581 3551 610 3602 2
679 3536 854 3612 mma?
867 3549 954 3601 mm
967 3550 1025 3584 m
1032 3551 1075 3586 m
1081 3538 1159 3598 m

91 3756 122 3786 Δ
238 3760 258 3786 h
