2414 3832
378 130 652 183 manmroaun
670 132 778 182 amaa
796 132 830 183 x,
1046 127 1108 191 137

383 272 649 340 Definitiones
674 273 831 339 alterae.

167 400 193 463 1.
217 397 390 483 Proposita
408 401 498 463 reeta
515 397 669 462 rationali
694 402 726 463 et
745 402 834 462 reeta
853 418 892 461 ex
911 396 1036 463 duobus
1054 420 1110 463 no·

94 505 239 571 minibus
259 505 294 568 in
306 503 440 570 nomina
458 504 572 588 diuisa,
594 504 684 569 cuius
702 525 822 568 nomen
842 504 947 568 maius
962 505 1111 587 potentia

91 611 202 677 minus
233 610 360 676 excedit
387 610 544 695 quadrato
573 614 680 675 reatae
708 610 773 674 sibi
798 609 1002 694 longitudine
1026 632 1110 676 eom-

91 717 335 801 mensurabilis,
354 717 383 781 si
402 718 507 782 maius
526 738 645 782 nomen
662 716 821 781 rationali
839 716 1025 800 propositae
1044 717 1111 781 lon-

92 826 242 911 gitudine
271 823 564 889 commensurabile
594 828 656 908 est,
684 827 819 888 uocetur
847 845 885 888 ex
908 823 1033 889 duobus
1056 846 1112 889 no·

91 931 239 997 minibus
262 930 378 1015 prima.

161 1040 195 1104 2.
212 1035 271 1102 sin
285 1036 392 1102 minus
406 1059 525 1102 nomen
539 1037 692 1102 rationali
706 1037 893 1122 propositae
907 1035 1111 1121 longitudine

92 1143 386 1211 commensurabile
410 1147 468 1228 est,
491 1149 624 1209 uocetur
648 1164 686 1210 sx
710 1142 835 1209 duobus
853 1142 1040 1208 nominibus
1065 1165 1111 1208 se·

53 1307 56 1313 .
91 1251 208 1317 cunda.

162 1357 193 1421 3.
222 1353 280 1420 Sin
302 1361 454 1422 neutrum
476 1377 596 1422 nomen
624 1356 775 1421 rationali
798 1356 983 1441 propositae
1007 1357 1108 1442 longi·

93 1462 208 1527 tudine
221 1463 511 1528 commensurabiles
526 1466 585 1545 est,
599 1465 733 1526 uocetur
743 1482 780 1525 ex
791 1460 915 1526 duobus
924 1463 1110 1528 nominibus

96 1567 206 1631 tertia.

169 1673 200 1736 4.
217 1671 338 1739 Rursus
356 1674 384 1738 si
398 1675 503 1740 maius
518 1694 636 1738 nomen
651 1671 799 1758 potentia
813 1669 937 1735 excedit
952 1671 1108 1754 quadrato

99 1783 206 1845 reatae
232 1781 296 1846 sibi
328 1780 532 1865 longitudine
560 1776 912 1862 incommensurabilis,
945 1779 972 1843 si
1003 1778 1108 1843 maius

94 1907 213 1952 nomeu
231 1887 386 1952 rationali
399 1887 587 1971 propositae
601 1885 803 1971 longitudine
818 1885 1108 1951 commensurabile

93 1996 153 2078 est,
176 1997 313 2059 uoeetur
335 2014 375 2058 ex
398 1993 523 2059 duobus
546 1993 732 2059 nominibus
757 1995 883 2077 quarta.

161 2098 191 2165 5.
217 2097 275 2164 sin
297 2099 404 2165 minus
428 2099 717 2165 commensurabile
742 2102 800 2184 est,
823 2100 945 2183 quinta.

161 2206 191 2271 6.
215 2202 274 2271 Sin
296 2210 454 2291 neutrum,
479 2210 576 2271 sexta.

529 2382 679 2450 XLVIII.

161 2505 313 2572 Inuenire
336 2514 458 2574 rectam
483 2530 521 2573 ex
545 2508 671 2573 duobus
694 2509 880 2594 nominibus
903 2508 1051 2590 primam.

160 2612 377 2698 Exponantur
410 2615 473 2680 duo
501 2615 629 2679 numeri
655 2616 734 2692 ΑΓ,
757 2616 819 2677 ΓΒ
847 2612 915 2676 eius
942 2613 1044 2695 modi,
1073 2617 1110 2679 ut

96 2724 163 2785 AB
180 2743 188 2784 r
203 2722 271 2785 ΒΓ
289 2720 449 2785 rationem
472 2719 606 2801 habeat,
637 2741 733 2803 quam
758 2739 911 2783 numerus
934 2717 1110 2802 quadratus

98 2826 331 2891 adnumerum
356 2826 559 2910 quadratum,
581 2830 647 2890 AB
671 2830 779 2891 autem
804 2824 843 2889 ad
863 2827 927 2889 ΓΑ
949 2824 1110 2889 rationem

97 2954 163 2998 non
190 2933 326 3010 habeat,
359 2954 456 3017 quam
486 2953 639 2997 numerus
667 2933 844 3016 quadratus
873 2932 913 2996 ad
940 2952 1110 2995 numerum

98 3039 291 3124 quadratum
312 3041 415 3123 [prop.
433 3037 578 3104 XXVIII
597 3039 741 3119 lemma]‚
761 3060 777 3102 e
812 3042 993 3121 exponatur
1011 3035 1108 3100 ratio-

131 3203 156 3280 l}
177 3194 275 3282 μήκει]
295 3211 348 3250 om.
368 3194 401 3251 V.
475 3202 498 3250 9.
516 3191 588 3278 §pap
608 3191 692 3264 μήκει
712 3195 744 3249 V.
811 3189 898 3263 ἡῦλη
919 3189 950 3248 ἐκ
969 3194 999 3247 F.
1069 3200 1111 3247 14.

99 3285 147 3321 του
163 3263 331 3393 timorosus}
346 3285 382 3323 m.
398 3273 413 3321 2
429 3267 459 3334 P,
478 3287 529 3321 wo
545 3263 692 3328 ἐλάττονος
707 3265 739 3319 V.
796 3270 837 3321 15.
858 3262 1015 3335 συμμέτρου
1029 3262 1111 3332 ΒΕῚ),

99 3352 165 3478 ⁰8er
181 3343 282 3475 libii„
300 3427 328 3463 u.
347 3426 412 3479 app.
486 3414 528 3463 20.
548 3405 602 3479 pb'
623 3407 652 3462 F.
727 3413 768 3462 23.
788 3404 850 3479 siv]
870 3406 967 3478 (prius)
990 3424 1058 3464 oorr.
1079 3425 1113 3464 ex

97 3480 150 3534 τῶν
169 3478 203 3534 V.
276 3485 319 3534 25.
340 3482 404 3552 ΓΛ]
423 3497 476 3535 ras.
496 3478 530 3534 V.

332 3338 416 3411 αντῇ]
436 3336 664 3407 suprascr.cob.
721 3341 762 3391 16.
782 3331 885 3408 ὄνομα]
906 3352 959 3391 om.
980 3335 1012 3391 V.
1069 3342 1110 3392 19.
