2414 3832
381 213 656 265 ELEMENTORUM
673 214 782 266 LIBER
800 214 833 267 X.
1049 211 1111 275 171

98 355 207 442 spatio
229 357 300 421 ΛΓ
323 355 494 439 aequalem
518 355 711 440 quadratam
733 355 957 421 irrationalem
981 379 1052 422 esse
1075 379 1115 422 ex

97 461 225 529 duabus
247 460 362 526 mediis
386 461 573 546 secundam,
597 483 679 547 quae
702 464 846 527 uocatur.

164 565 404 654 Comparantur
431 567 518 632 enim
546 567 672 653 eadem,
705 588 787 653 quae
815 570 921 633 antea.
973 571 1006 632 et
1037 589 1118 657 qum

96 674 185 740 niam
207 679 280 740 ΛΔ
302 694 342 738 ex
365 673 491 738 duobus
513 674 700 739 nominibus
723 673 823 739 tertia
846 675 910 757 est,
938 677 1022 754 Aa,
1046 677 1114 738 EA

305 814 379 864 HE
424 815 445 863 z
518 853 542 900 A
579 780 758 845 rationales
782 784 857 845 sunt
875 779 1021 863 potentia
1044 783 1113 844 tan·

579 891 650 952 tum
699 884 1026 967 commensurabiles,
1079 891 1112 951 et

133 884 138 1097 Ι
436 884 440 1086 i
578 990 663 1057 ΑΕ2
692 992 817 1059 excedit
839 989 925 1056 ΕΔ2
955 993 1112 1078 quadrato

110 1065 132 1117 Β
304 1098 328 1151 Θ
355 1101 382 1151 Κ
423 1102 446 1151 11
520 1065 545 1112 P
579 1104 686 1166 rectae
716 1099 780 1165 sibi
803 1099 1113 1184 commensurabilis,

580 1211 612 1271 et
629 1210 745 1271 neutra
762 1211 926 1272 rectarum
948 1212 980 1271 A
986 1211 1026 1289 E,
1044 1211 1113 1271 ΕΔ

442 1371 465 1393 Η
579 1316 687 1377 rectae
710 1317 775 1377 AB
801 1313 1003 1398 longitudine
1027 1335 1113 1378 corn-

580 1419 808 1483 mensurabilis
827 1423 877 1484 est
902 1420 976 1500 [def.
997 1421 1053 1485 alt.
1067 1421 1113 1500 3].

579 1521 645 1586 iam
668 1522 779 1586 eodem
802 1524 899 1588 modo
927 1546 990 1609 quo
1016 1530 1113 1590 antea

215 1699 437 1706 *w
580 1627 888 1706 demonstrabimus,
912 1651 981 1693 esse

197 1719 225 1768 Σ
360 1719 384 1770 Ο
732 1732 820 1809 ΜΞΞ
836 1764 878 1787 =
893 1737 962 1799 ΛΓ

102 1843 171 1924 [cfr.
194 1867 226 1929 p.
251 1843 330 1925 162,
354 1843 403 1927 5]‚
436 1846 469 1906 et
499 1845 593 1924 MN,
621 1840 691 1915 ΝΞ
720 1841 844 1906 medias
873 1862 944 1906 esse
966 1841 1113 1925 potentia

101 1953 228 2015 tantum
251 1947 558 2014 commensurabiles
583 1947 653 2029 [cfr.
676 1970 706 2032 p.
732 1949 809 2032 166,
835 1950 875 2014 10
899 1952 969 2034 sq.].
1015 1969 1113 2032 quare

105 2056 174 2131 Ma
194 2078 234 2121 ex
256 2055 382 2120 duabus
406 2055 520 2119 mediis
544 2058 602 2120 est.

166 2162 232 2227 iam
260 2161 547 2226 demonstrandum
575 2166 639 2244 est,
671 2161 804 2227 eandem
833 2164 1007 2229 secundam
1034 2183 1113 2227 esse.

102 2269 253 2354 quoniam
277 2272 356 2350 ΔΕ,
378 2270 455 2350 AB,
478 2268 540 2333 hoc
564 2272 614 2332 est
636 2272 715 2349 Aa,
738 2271 815 2352 EK,
838 2270 1042 2356 longitudine
1065 2269 1114 2334 in-

103 2374 408 2441 commensurabiles
432 2378 521 2458 sunt,
549 2378 582 2438 et
607 2378 688 2458 ΛΕ,
711 2379 773 2439 ΕΖ
797 2375 1114 2458 commensurabiles,

101 2484 163 2545 ΕΖ
181 2484 216 2545 et
227 2484 298 2545 ΕΚ
314 2480 520 2565 longitudine
542 2479 884 2545 incommensurabiles
909 2483 985 2545 sunt
1009 2481 1114 2564 [prop.

101 2585 205 2668 ΧΠΙ].
251 2589 284 2650 et
305 2586 483 2651 rationales
503 2589 592 2671 sunt3
616 2586 726 2669 itaque
750 2589 823 2667 ZE,
847 2588 916 2650 ΕΚ
936 2585 1113 2651 rationales

101 2696 178 2758 sunt
202 2695 352 2776 potentia
379 2696 507 2758 tantum
536 2691 856 2758 commensurabiles.
910 2713 1009 2776 quare
1036 2695 1113 2775 EA,

101 2796 162 2864 hoc
181 2802 232 2864 est
251 2802 331 2881 MP,
355 2798 496 2863 medium
520 2803 570 2863 est
595 2801 698 2882 [prop.
712 2796 814 2878 XXI].
851 2802 883 2862 et
905 2799 1003 2863 rectis
1023 2801 1113 2881 MN,

100 2903 171 2978 Na*
191 2905 483 2990 comprehenditur.
519 2905 631 2989 itaque
651 2907 733 2969 ΜΝ
743 2919 786 2972 ><
800 2907 839 2967 N
839 2903 870 2978 Ξ
890 2903 1031 2969 medium
1055 2907 1113 2970 est.

168 3009 259 3096 Ergo
287 3010 362 3084 ΜΞ
387 3034 426 3076 ex
453 3010 577 3075 duabus
608 3010 723 3075 mediis
758 3010 896 3074 secunda
924 3013 974 3073 est
1007 3012 1113 3093 [prop.

102 3114 304 3200 XXXVHI];
329 3117 508 3202 quoderat
531 3116 824 3183 demonstrandum.
