2414 3832
375 157 648 211 mancusorum
665 159 774 209 amaa
791 159 825 211 x.
1040 154 1105 220 173

550 298 652 365 LVII.

160 406 196 472 Si
219 407 362 492 spatium
384 412 472 473 recta
495 407 648 472 rationali
671 412 704 471 et
727 411 816 471 recta
839 429 877 470 ex
902 407 1026 472 duobus
1049 429 1106 473 no·

91 513 238 580 minibus
261 517 378 598 quarta
402 513 695 597 comprehenditur,
717 517 808 578 recta
831 514 938 597 spatio
962 514 1105 597 aequalis

93 619 254 706 quadrata
276 619 477 685 irrationalis
502 623 551 684 est
574 620 686 702 maior,
709 641 792 704 quaa
814 623 958 684 uocatur.

161 724 310 810 Spatium
338 725 425 790 enirn
453 727 521 789 ΛΓ
545 724 698 789 rationali
726 728 791 788 AB
815 724 1105 809 comprehendatur

93 837 128 898 et
155 837 224 896 ΑΔ
251 836 341 896 recta
368 853 406 896 ex
435 830 559 895 duobus
591 831 780 896 nominibus
809 834 926 915 quarta
953 832 987 895 in
1014 835 1046 895 Ε
1072 832 1106 895 in

93 939 227 1005 nomina
250 937 369 1019 diuisa,
393 958 530 1020 quorum
553 937 658 1000 maius
682 937 725 1000 sit
748 941 823 1001 ΛΕ.
868 937 956 1020 dico,
984 941 1106 1003 rectam

95 1046 201 1130 spatio
239 1046 313 1108 ΑΓ
346 1044 513 1128 aequalem
551 1043 743 1127 quadratam
779 1043 998 1109 irrationalem
1036 1065 1107 1109 esse

95 1151 261 1232 maiorem,
284 1171 367 1233 quaa
390 1153 534 1214 uocatur.

159 1278 237 1321 nam
252 1255 406 1340 quoniam
423 1262 455 1319 A
460 1261 494 1319 A
513 1252 561 1339 err
570 1255 695 1320 duobus
713 1257 899 1321 nominibus
918 1261 1034 1341 quarta
1049 1260 1107 1339 est,

98 1367 174 1447 ΑΕ,
198 1366 268 1426 ΕΔ
290 1361 465 1425 rationales
489 1367 565 1426 sunt
587 1363 734 1446 potentia
756 1366 885 1427 tantum
908 1384 1107 1429 commensu-

301 1502 375 1553 ΗΕ
421 1503 441 1551 Z
515 1540 539 1587 A
576 1467 704 1550 rabdos,
725 1472 758 1531 et
777 1467 859 1532 ΑΕ2
878 1470 1003 1534 excedit
1021 1468 1107 1534 EA²

365 1573 507 1580 '—
576 1572 734 1656 quadrato
762 1577 868 1639 rectae
897 1575 959 1638 sibi
986 1575 1107 1639 incom-

130 1574 135 1785 l
313 1580 316 1775 l
361 1581 365 1774 l
576 1680 819 1758 mensurabilia,
859 1683 891 1743 et
927 1683 1010 1761 AE,
1043 1683 1108 1744 AB

111 1753 131 1803 Β
192 1808 202 1878 f
301 1787 380 1840 ΘΚ
418 1794 442 1840 Α
516 1751 541 1800 P
575 1787 778 1872 longitudine
801 1785 1108 1852 commensurabiles

576 1898 651 1957 sunt
683 1895 773 1974 [deff.
801 1894 857 1957 alt.
883 1893 933 1973 4].
984 1895 1109 1957 secetur

438 2074 461 2096 Η
577 2005 650 2065 ΛΕ
684 2001 719 2065 in
752 2005 779 2065 Z
815 2000 850 2063 in
882 1999 961 2064 duas
998 2001 1107 2083 partes

434 2093 458 2131 ”l
576 2111 739 2191 aequales,
774 2110 807 2171 et
838 2106 995 2190 quadrato
1028 2102 1108 2169 132²

576 2216 708 2298 aequale
747 2217 854 2277 rectae
897 2216 968 2277 ΑΕ
1008 2211 1108 2296 adpli-

211 2399 433 2407 m-
576 2326 666 2386 cetur
689 2319 1032 2403 parallelogrammum

193 2409 222 2459 Σ
355 2411 380 2464 0
733 2429 861 2493 ΛΗ><
875 2429 953 2489 ΗΕ.

99 2529 206 2616 itaque
234 2537 320 2615 AH,
339 2537 411 2599 HE
435 2534 639 2619 longitudine
666 2530 1008 2598 incommensurabiles
1033 2535 1109 2593 sunt

101 2637 207 2723 [prop.
218 2636 360 2721 XVHI].
382 2645 490 2705 rectae
500 2645 565 2705 AB
579 2640 754 2725 parallelae
769 2638 926 2702 ducantur
939 2639 1017 2718 ΗΘ,
1030 2639 1108 2718 ΕΚ,

100 2745 171 2826 ΖΛ,
196 2748 230 2808 et
253 2744 379 2830 reliqua
398 2746 510 2811 eodem
529 2745 634 2831 modo,
658 2767 721 2830 quo
741 2747 837 2808 antea
857 2743 1108 2827 [p.166,1sq.]‚

99 2847 186 2914 fiant.
200 2848 407 2915 manifestum
417 2852 518 2938 igitur
528 2857 586 2934 est,
595 2873 665 2916 esse
676 2855 718 2916 M
718 2848 885 2924 a²==AR
904 2850 970 2914 iam
980 2848 1109 2912 demon·

100 2954 275 3038 strandum,
289 2959 334 3018 M
333 2956 363 3031 Ξ
374 2957 597 3022 irrationalem
612 2979 682 3021 esse
693 2957 860 3039 maiorem,
874 2977 956 3040 quae
965 2957 1109 3019 uocatur.

100 3061 252 3146 quoniam
267 3065 348 3145 AH,
363 3067 436 3128 ΕΗ
449 3063 652 3149 longitudine
666 3061 1004 3129 incommensurabiles
1025 3064 1109 3145 sunt,

99 3170 197 3234 etiarn
221 3173 297 3250 Aa,
315 3171 397 3250 HK,
419 3171 481 3235 hoc
496 3173 545 3234 est
563 3173 645 3251 ΣΝ,
664 3172 703 3233 N
704 3173 748 3250 ll,
772 3167 1110 3234 incommensurabilis

99 3279 174 3338 sunt
208 3273 282 3358 [VI‚
307 3278 341 3357 13
373 3296 465 3360 prop.
488 3273 560 3355 ΧΠ.
609 3275 719 3357 itaque
753 3276 845 3357 MN,
869 3271 938 3345 Na*
962 3273 1110 3356 potentia

99 3379 441 3447 incommensurabiles
465 3385 550 3445 sunt.
596 3385 628 3445 et
646 3378 799 3464 quoniam
822 3382 899 3461 ΛΕ,
918 3381 982 3442 ΑΒ
1005 3378 1109 3463 longi-

99 3488 211 3552 tudine
230 3486 535 3552 commensurabiles
556 3490 641 3573 sunt,
666 3488 737 3555 AK
754 3485 924 3554 rationale
946 3488 1003 3549 est
1016 3487 1140 3564 lump.
