2414 3832
117 184 184 250 300
504 188 706 241 ΣΤΟΙΧΕΙΩΝ
724 182 752 240 ι’.

117 329 223 412 ῥητοῦ
246 326 349 412 μέσον
372 329 411 395 τδ
440 325 521 396 ὅλον
548 331 705 396 ποιοῦσα·
746 329 801 396 καὶ
830 326 972 395 δύναται
999 326 1038 395 τὸ
1070 335 1143 395 ΑΒ

117 439 252 519 χωρίον.

180 537 226 606 Ἡ
239 538 276 607 τὸ
297 547 363 607 AB
388 537 452 627 ἄρα
470 545 596 628 χωρίον
616 542 786 628 δυναμένη
806 539 886 628 μετὰ
907 543 1011 627 ῥητοῦ
1031 543 1142 628 μέσον

118 645 156 715 τὸ
181 645 263 715 ὅλον
286 647 433 716 ποιοῦσά
458 649 561 716 ἐστιν·
586 646 666 735 ὅπερ
691 652 759 716 ἔδει
783 651 895 730 δεῖξαι.

82 889 98 938 5
597 859 657 932 (λς’.

182 979 270 1052 Ἐὰν
294 990 440 1071 χωρίον
464 986 692 1072 περιέχηται
715 982 789 1054 ὑπὸ
815 987 934 1072 ῥητῆς
957 985 1022 1051 καὶ
1041 982 1141 1053 ἄπο-

117 1094 239 1176 τομής
258 1090 384 1175 έκτης,
408 1086 428 1175 ή
447 1089 489 1157 τὸ
509 1095 657 1176 χωρίον
677 1093 878 1177 δυναμένη
898 1088 991 1177 μετὰ
1011 1093 1150 1177 μέσον.

105 1195 240 1281 μέσον
263 1194 306 1262 τδ
330 1193 425 1263 ὅλον
448 1195 622 1263 ποιοῦσά
646 1199 763 1265 ἐστιν.

105 1362 122 1393 χ
186 1306 322 1388 Χωρίον
340 1300 405 1388 γὰρ
424 1300 462 1369 τὸ
478 1308 544 1369 ΑΒ
562 1304 766 1390 περιεχέσθω
786 1299 852 1371 ὑπὸ
872 1305 973 1389 ῥητής
994 1305 1053 1389 τής
1070 1314 1104 1371 Α
1111 1310 1145 1371 Γ

67 1437 100 1486 10
118 1405 174 1472 καὶ
202 1402 371 1494 ἀποτομῆς
399 1408 492 1494 ἕκτης
518 1413 578 1495 τής
606 1418 691 1477 ΑΔ·
737 1410 839 1495 λέγω,
872 1407 923 1477 ὅτι
951 1406 971 1496 ή
999 1407 1037 1476 τὸ
1070 1416 1138 1477 ΑΒ

118 1517 245 1600 χωρίον
261 1515 432 1602 δυναμένη
449 1512 498 1602 [ἡ]
513 1515 593 1602 μετὰ
608 1517 711 1602 μέσου
723 1515 826 1602 μέσον
841 1513 878 1582 τὸ
895 1512 976 1582 ὅλον
990 1519 1139 1584 ποιοῦσά

119 1620 217 1687 ἐστιν.

176 1724 285 1793 Ἔστω
309 1724 374 1812 γὰρ
396 1730 436 1814 τῇ
460 1735 531 1793 ΑΔ
554 1726 833 1814 προσαρμόζουσα
855 1725 876 1814 ή
902 1734 987 1794 ΔΗ·
1011 1731 1049 1795 αί
1071 1727 1139 1816 ἄρα

119 1839 206 1918 AH,
230 1838 302 1899 ΗΛ
330 1834 430 1919 ῥηταί
450 1835 515 1900 εἰσι
543 1834 684 1920 δυνάμει
712 1832 820 1920 μόνον
849 1833 1046 1922 σύμμετροι,
1080 1841 1137 1904 καλ

67 1966 99 2016 15
119 1940 281 2025 οὐδετέρα
303 1934 416 2006 αὐτῶν
440 1937 627 2025 σύμμετρός
651 1941 719 2007 ἐστι
741 1944 782 2029 τῇ
801 1941 970 2029 ἐκκειμένῃ
991 1943 1075 2030 ῥητή
1096 1948 1136 2032 τῇ

118 2050 189 2112 ΑΓ
207 2044 318 2130 μήκει,
347 2042 368 2130 ή
393 2044 430 2111 δὲ
453 2042 515 2131 ὅλη
539 2042 559 2131 ἡ
583 2051 660 2112 ΑΗ
677 2049 735 2133 τής
757 2046 1054 2135 προσαρμοζούσης
1078 2054 1137 2136 τής

119 2155 198 2217 ΛΗ
215 2156 328 2236 μεῖζον
351 2149 494 2218 δύναται
513 2155 558 2244 τῷ
578 2149 642 2220 ἀπὸ
666 2151 881 2240 ἀσυμμέτρου
905 2154 1004 2242 ἑαυτῇ
1028 2153 1137 2241 μήκει.

119 2256 189 2324 ἐπεὶ
208 2247 272 2323 οὗν
290 2252 403 2342 ήΑΗ
421 2260 478 2344 τής
493 2264 565 2324 ΗΛ
583 2265 694 2345 μεῖζον
714 2257 857 2327 δύναται
879 2269 924 2351 τῷ
945 2257 1008 2326 αἰτιδ
1030 2258 1137 2349 ἀσυμ-

119 2363 242 2451 μέτρου
271 2363 371 2450 έαυτή
400 2362 512 2451 μήκει,
546 2363 606 2432 ἐὰν
633 2366 698 2452 ἄρα
722 2369 768 2456 τῷ
791 2364 934 2455 τετάρτῳ
958 2367 1050 2453 μέρει
1073 2372 1137 2436 τοῦ

65 2497 100 2547 20
119 2469 183 2538 ιἰπδ
203 2474 262 2557 τῆς
281 2476 358 2537 ΛΗ
377 2477 453 2538 ίσον
476 2469 566 2559 παρὰ
588 2470 650 2558 τήν
669 2478 746 2540 AH
758 2477 961 2560 παραβληθῇ
981 2475 1138 2542 ἐλλεῖπον

120 2580 202 2644 είδει
215 2577 421 2669 τετραγώνῳ,
436 2581 483 2658 εἰς
497 2576 690 2665 ἀσύμμετρα
705 2575 810 2664 αὐτήν
825 2582 935 2646 διελεῖ.
958 2579 1137 2666 τετμήσθω

119 2673 183 2749 οὖν
202 2677 223 2768 ή
243 2690 322 2750 ΛΗ
340 2688 415 2768 δίχα
434 2683 518 2749 κατὰ
536 2681 573 2750 τὸ
593 2689 626 2748 Ε
643 2687 821 2769 [σημεῖον],
844 2683 899 2751 καὶ
922 2687 969 2774 τῷ
992 2681 1059 2754 ἀπὸ
1078 2697 1139 2774 τῆς

119 2795 193 2856 ΕΗ
212 2798 288 2857 ίσον
306 2787 396 2876 παρὰ
415 2788 477 2876 τήν
496 2795 573 2856 ΑΗ
590 2787 856 2876 παραβεβλήσθω
881 2791 1033 2859 ἐλλεῖπον
1053 2798 1139 2862 είδει

191 3047 215 3095 3.
239 3034 350 3111 ἄρατὸ
375 3042 424 3091 ΑΒ
448 3036 481 3092 V.
560 3034 635 3110 ἄρα]
658 3054 712 3093 om.
736 3037 799 3103 ΡΒ,
827 3039 953 3092 m.2F.
1031 3042 1138 3110 χωρίον

118 3106 175 3180 ἄρα
194 3110 226 3166 Β.
304 3115 329 3164 4.
354 3104 425 3177 ὅπερ
449 3106 508 3164 ἔδει
532 3109 641 3180 δεῖξαι]
666 3124 753 3178 comp.
777 3107 813 3178 P,
837 3125 890 3163 om.
917 3108 1029 3165 BFVb.
1112 3120 1137 3168 6.

119 3177 214 3237 δπῬ.
270 3187 295 3238 8.
316 3178 374 3272 ἐστχ
389 3179 449 3250 BV,
469 3181 624 3251 comp.Fb.
681 3185 705 3234 9.
724 3179 787 3270 AB]
808 3185 891 3234 ΑΒΓ
902 3180 932 3235 Ρ.
990 3187 1031 3236 10.
1053 3181 1139 3254 ἕκτης

119 3254 337 3396 ήδιδ]οδδέδέρδιῖ
356 3250 1137 3393 {t’zmrzgsfxffml}euhagis]'1²232’01114LHI?{Iva'BVb,14e¹

119 3408 189 3447 corr.
201 3395 231 3447 F.
288 3393 607 3482 16.τής]ήο1ῖ.)τήιΕ.
664 3399 705 3446 17.
726 3393 882 3464 συμμέτρου
898 3393 928 3449 Ρ.
984 3390 1089 3451 έαυτοῦ
1105 3397 1138 3452 Β.

144 3469 189 3520 18.
205 3462 323 3520 έπεί-
339 3471 380 3523 19,
396 3465 496 3538 μήκει]
515 3482 574 3537 mg.
587 3481 626 3520 m.
639 3469 658 3519 ‘2
670 3464 705 3519 B.
755 3471 798 3519 19.
818 3461 920 3531 ἑαυτῆς
934 3465 967 3532 Β,
985 3463 1090 3522 ἑαυτοῦ
1104 3468 1137 3522 F.

131 3534 208 3606 τοιὲ]
231 3539 275 3612 τῷ
300 3538 328 3592 b.
408 3545 452 3595 20.
473 3537 552 3611 AH]
579 3540 639 3592 ΔΗ
655 3535 692 3590 Β.
765 3529 1037 3603 πωοορἁλωμενΒ,
1054 3554 1147 3602 πωροι-
