2414 3832
367 176 644 227 mumioni!
660 177 770 227 LIBER
786 178 821 228 X.
1037 173 1102 238 1‘19

154 315 247 403 Ergo
264 317 340 392 Ma
357 323 450 384 rech
472 319 582 402 spatio
603 319 759 383 rationali
777 330 812 384 et
829 319 936 386 medio
955 320 1102 406 aequalis

85 422 248 510 quadrata
270 428 322 489 est
343 426 450 510 [prop.
471 423 561 509 xla,
587 432 622 489 et
643 422 733 497 11Ξῖ
745 455 790 478 =
802 427 886 504 ΑΓ;
919 426 1006 509 quod
1032 432 1104 491 erat

85 529 383 597 demonstrandum.

552 618 636 684 LIX

155 740 192 808 Si
214 743 358 827 spatium
379 747 469 808 recta
490 744 648 808 rationali
669 751 704 808 et
724 750 815 810 recta
837 767 878 809 ex
899 744 1024 810 duobus
1047 766 1102 809 no

86 848 235 915 minibus
257 852 350 913 sexta
371 850 670 934 comprehenditur,
696 856 787 916 recta
810 853 918 937 spatio
942 851 1103 935 quadrata

86 953 234 1039 aequalis
251 955 452 1020 irrationalis
471 960 522 1021 est
539 956 664 1022 duobus
683 958 799 1041 spatiis
816 957 932 1022 modiis
955 957 1102 1041 aequalis

84 1060 257 1146 quadrata,
280 1083 362 1145 quae
384 1068 529 1126 uocatur.
592 1115 597 1121 .

156 1164 307 1253 Spatium
334 1168 421 1231 enim
447 1169 585 1233 ΑΒΓΔ
616 1170 910 1254 comprehendatur
936 1173 1026 1234 recta
1052 1191 1102 1234 ra-

84 1272 205 1339 tionali
227 1277 293 1338 AB
321 1278 355 1337 et
380 1278 470 1339 recta
492 1297 532 1339 ex
556 1274 683 1341 duobus
704 1277 891 1342 nominibus
914 1280 1008 1340 sexta
1030 1279 1101 1339 ΑΛ

84 1379 121 1444 in
144 1383 177 1444 E
197 1381 232 1444 in
254 1380 388 1444 nomina
410 1379 530 1463 diuisa,
558 1381 607 1445 ita
628 1386 667 1446 ut
689 1384 793 1447 maius
815 1403 935 1447 nomen
959 1382 1003 1447 sit
1025 1385 1100 1446 ΑΕ

84 1485 174 1565 dico,
201 1492 324 1551 rectam
352 1487 458 1571 spatio
481 1487 551 1550 ΑΓ
573 1489 741 1570 aequalem
765 1487 956 1571 quadratam
978 1490 1101 1552 rectam

86 1613 160 1658 esse
182 1590 308 1656 dnobus
331 1593 448 1676 spatiis
471 1591 588 1656 mediis
612 1593 780 1683 aequalem
804 1591 1005 1675 quadratam.

153 1701 383 1782 comparentur
405 1699 531 1781 eadem,
559 1720 642 1782 quae
669 1699 704 1762 in
726 1696 946 1781 superioribus
970 1697 1101 1761 demon·

84 1805 311 1870 strationibus.
348 1804 558 1870 manifestum
582 1810 633 1869 est
654 1805 764 1888 igion,
786 1801 1101 1885 esseME²=A13

109 1949 133 1999 A
290 1945 366 1997 ΗΕ
412 1945 434 1996 2
506 1986 532 2035 Δ
567 1916 601 1976 et
632 1911 735 1995 MN,
766 1908 839 1984 ΝΞ
868 1909 1018 1994 potentia
1054 1909 1101 1972 in·

564 2017 872 2084 commensurabiles
886 2038 956 2082 esse
972 2015 1101 2100 [p.176,

566 2125 587 2189 6
619 2127 694 2209 sq.].
757 2129 792 2189 et
832 2124 987 2208 quoniam
1022 2126 1100 2204 ΕΑ,

96 2198 120 2248 B
290 2230 315 2282 Θ
342 2233 370 2283 Κ
408 2235 432 2283 Α
506 2196 533 2247 Γ
565 2234 635 2295 AB
671 2230 874 2316 longitudino
905 2232 1101 2296 incommen-

351 2348 374 2398 P
422 2381 453 2433 Π
566 2337 725 2402 surabiles
758 2342 834 2402 sunt
867 2335 952 2417 [deff.
975 2335 1100 2416 alt.·6],

426 2514 450 2536 ...
566 2447 632 2507 EA
659 2448 692 2508 et
719 2447 787 2507 AB
817 2441 995 2507 rationales
1023 2447 1100 2503 sunt

163 2515 198 2566 M
330 2543 360 2595 Ν
422 2533 447 2571 '⁹⁴
563 2550 711 2634 potentia
742 2553 873 2614 tantum
894 2547 1100 2612 'commensu-

563 2655 692 2722 rabiles.
754 2656 865 2738 itaque
906 2655 998 2734 ΑΚ,
1037 2651 1100 2717 hoc

564 2768 615 2827 est
644 2759 798 2842 MN²÷
816 2756 923 2841 Nm,
957 2757 1098 2821 madium

181 2854 210 2906 Σ
343 2843 367 2905 ⁰
565 2873 614 2932 est
634 2869 738 2952 [prop.
753 2865 855 2947 ΧΧΙ].
891 2884 1003 2930 rursus
1023 2883 1100 2946 quo·

85 2978 173 3042 niam
207 2982 291 3059 EA,
316 2979 381 3040 AB
413 2973 617 3058 longitudine
649 2970 991 3037 incommensurabiles
1023 2970 1099 3032 sunt

87 3083 171 3164 [deff.
187 3084 243 3149 alt.
258 3083 305 3167 6],
328 3085 392 3146 ΖΕ
409 3086 442 3145 et
460 3084 530 3145 ΕΚ
545 3079 887 3145 incommensurabiles
903 3079 979 3140 sunt
994 3077 1100 3159 [prop.

85 3188 191 3270 XIIl].
238 3209 338 3273 quare
364 3191 438 3268 ΖΕ,
461 3189 529 3250 ΕΚ
555 3185 730 3249 rationales
756 3186 832 3248 suut
858 3181 1005 3268 potentia
1027 3183 1098 3244 tan-

86 3302 155 3360 tum
180 3293 497 3360 commensurabiles.
542 3292 653 3374 itaque
676 3293 757 3369 ΕΛ,
784 3287 846 3353 hoc
865 3291 915 3351 est
936 3290 1011 3351 MP
1030 3285 1100 3350 siue

86 3404 164 3466 MN
178 3414 222 3470 ><
237 3399 318 3486 Na,
351 3398 492 3464 medium
526 3402 576 3462 est
610 3398 714 3481 [prop.
737 3393 839 3476 ΧΧΙ].
886 3397 919 3456 et
946 3392 1097 3477 quoniam
1185 3344 1203 3483 ⁴

84 3513 166 3588 ΛΕ,
192 3510 255 3570 ΕΖ
284 3504 631 3573 incommensurabiles
665 3508 761 3595 suut,
796 3503 905 3573 etiam
938 3503 1031 3580 AR,
1053 3496 1128 3561 EA

914 3606 975 3663 aa*

1192 3688 1203 3799 1
