2414 3832
373 186 647 239 anannmonuu
664 187 774 238 amau
791 188 825 238 x.
1039 185 1105 250 353

91 351 211 396 nomen
235 329 288 396 sit.
333 329 445 414 itaque
467 332 551 411 ΛΗ,
565 332 639 394 ΗΕ
659 329 836 394 rationales
861 333 937 393 sunt
959 331 1106 413 potentia

90 439 220 501 tantum
244 436 564 518 commensurabiles,
589 438 622 498 et
644 433 736 500 AH²
765 435 890 500 excedit
919 433 1001 498 HE²
1029 458 1106 520 qua-

93 543 187 608 drato
215 546 322 609 rectae
351 543 415 607 sibi
443 541 759 624 commensurabilis,
791 547 824 606 et
856 542 960 606 mains
989 562 1107 606 nomen

94 652 173 712 ΛΗ
196 647 351 713 rationali
373 648 561 731 propositae
585 650 656 711 ΛΓ
678 647 883 733 longitudine
909 668 1108 711 commensu-

93 755 198 819 rabile
222 758 272 819 est
296 755 381 834 [deff.
400 754 454 818 alt.
474 756 517 834 1].
563 754 673 838 itaque
698 753 797 818 etiam
820 757 854 815 A
860 757 887 816 Z
909 756 1016 817 rectae
1035 756 1113 816 ΛΗ

94 859 301 945 longitudine
330 859 632 924 commensuiabilis
662 862 711 922 est
740 861 849 942 [prop.
872 857 965 940 XII}
1010 879 1109 942 quare

94 967 193 1032 etiam
216 964 343 1049 reliqua
367 968 435 1029 ΗΖ
462 968 570 1030 rectae
595 969 661 1028 ΔΖ
684 965 887 1049 longitudine
910 985 1109 1029 commensu-

94 1073 208 1138 rabilis
233 1076 288 1137 est·
310 1076 417 1156 [prop.
440 1070 531 1152 XV}
577 1093 690 1136 uerum
714 1075 795 1153 AZ,
819 1075 882 1134 ΕΖ
908 1070 1109 1151 longitudine

94 1179 440 1245 incommensurabiles
465 1182 549 1243 nunt.
597 1198 695 1261 quare
723 1177 821 1242 etiam
850 1178 930 1259 ZH,
952 1179 1015 1240 ΕΖ
1042 1176 1111 1240 lon-

96 1285 242 1369 gitudine
265 1283 609 1349 incommensurabiles
634 1287 710 1348 sunt
734 1285 838 1367 [prop.
856 1282 962 1365 Xlll].
1001 1282 1110 1367 itaque

98 1393 138 1454 H
140 1394 180 1472 Z,
204 1394 268 1453 ΖΕ
294 1389 470 1453 rationales
494 1393 570 1452 sunt
591 1389 739 1472 potentia
761 1392 889 1453 tantum
913 1409 1111 1453 commensu-

97 1494 227 1560 rabiles.
255 1499 328 1560 ΕΗ
340 1493 441 1578 igitur
456 1498 608 1577 apotome
623 1499 673 1560 est
687 1498 793 1579 [prop.
807 1493 972 1574 LXXIIIJ.
999 1515 1112 1558 uerum

98 1602 211 1667 eadem
235 1600 405 1666 rationalis
430 1603 493 1683 est3
516 1601 603 1685 quod
624 1600 696 1665 fieri
717 1622 784 1667 non
806 1604 924 1685 potest.

166 1709 255 1794 Ergo
279 1711 432 1792 apotome
456 1707 568 1772 eadem
592 1728 660 1771 non
683 1711 733 1771 est
756 1730 793 1772 ao
816 1710 905 1771 recta
929 1727 966 1769 ex
988 1705 1112 1769 dnobus

98 1814 301 1899 nominibus3
325 1813 411 1898 quod
436 1817 506 1878 erat
530 1811 823 1877 demonstrandum.

166 2083 329 2164 Apotome
345 2084 377 2143 et
391 2079 597 2145 irrationales
614 2099 685 2142 eam
696 2082 866 2162 sequentes
876 2099 979 2162 neque
990 2078 1114 2143 mediae

99 2208 203 2268 neque
228 2188 314 2251 inter
338 2208 371 2250 se
395 2186 525 2250 eaedem
550 2189 634 2248 sunt.
676 2207 752 2248 nam
777 2185 969 2267 quadratum
992 2184 1115 2249 mediae
1191 2191 1193 2196 ’

100 2295 208 2354 rectae
238 2291 392 2355 rationali
420 2290 617 2374 adplicatum
647 2289 857 2355 latitudinem
885 2291 987 2356 efficit
1014 2291 1116 2355 ratio-

101 2397 210 2461 nalem
235 2401 268 2461 et
291 2399 411 2480 rectae,
440 2397 493 2471 cui
523 2395 722 2480 adplicatum
751 2402 814 2481 est,
842 2396 1046 2482 longitudine
1070 2396 1116 2460 in·
1175 2428 1187 2435 -

102 2501 427 2567 commensurabilem
466 2504 574 2586 [prop.
606 2500 718 2584 XXII]
724 2554 732 2587 ‚
776 2502 969 2585 quadratum
1007 2507 1116 2568 autem

103 2610 271 2692 apotomes
296 2607 449 2672 rationali
473 2608 673 2691 adplicatum
696 2607 904 2672 latitudinem
924 2607 1023 2672 eflicit
1042 2631 1116 2692 apo-

101 2720 213 2781 tomen
227 2715 367 2800 primam
384 2716 488 2799 [prop.
498 2713 645 2798 XOVHL
660 2714 853 2799 quadratum
868 2717 977 2777 autem
993 2715 1116 2779 mediae

103 2825 272 2905 apotomes
282 2821 407 2905 primae
422 2823 576 2886 rationali
589 2821 786 2904 adplicatum
800 2820 1005 2885 latitudinem
1016 2820 1118 2886 efficit

103 2932 277 3012 apotomen
297 2928 470 2992 secundam
491 2930 594 3011 [prop.
609 2925 773 3009 XCVIH]‚
797 2926 990 3011 quadratum
1009 2929 1117 2992 autem
1144 2919 1146 2924 ¹

102 3173 164 3227 PV.
248 3178 289 3229 11.
314 3173 379 3244 ΕΖ]
403 3177 473 3229 mut.
492 3173 522 3227 in
546 3176 597 3226 ΖΕ
621 3171 653 3226 V.
736 3166 792 3237 ἄρα
817 3166 891 3242 ἐστί]
916 3169 948 3225 δέ
972 3170 1001 3224 in
1024 3186 1077 3225 ras.
1101 3177 1119 3225 4

103 3243 211 3312 licta.
287 3250 328 3298 12.
349 3239 473 3299 ἔστίνΡ.
545 3244 614 3298 Post
632 3237 716 3312 μήκει
706 3241 799 3296 madd
819 3243 871 3295 nul
887 3239 942 3296 εσιί
961 3236 1045 3308 §aaut
1033 3259 1117 3310 cmg.

104 3334 140 3367 m
161 3265 227 3370 ἳφΒ.
293 3321 335 3369 13.
355 3314 421 3400 εἰσι]
442 3332 495 3369 om.
515 3314 575 3369 PV.
640 3319 681 3368 14.
701 3312 774 3402 ΕΗ]
794 3329 862 3367 corr.
878 3331 911 3367 ex
931 3312 1040 3379 HEV
1061 3315 1119 3366 HE

104 3384 136 3452 Ρ,
155 3387 266 3453 ΕΝφ.
323 3391 364 3439 lb.
384 3382 414 3455 ἡ]
434 3386 506 3469 (alt)
526 3401 580 3438 om.
599 3384 626 3439 b.
683 3391 725 3439 16.
744 3380 816 3470 ὅπερ
826 3381 896 3438 {aba
909 3384 944 3434 ba
941 3383 1010 3443 “aaut

103 3456 135 3523 Ρ,
155 3470 208 3510 om.
229 3455 311 3510 BFb.
385 3461 427 3510 17.
445 3450 586 3544 πόρισμα]
606 3473 664 3513 om.
678 3455 703 3513 P
710 3475 781 3529 ocu
785 3404 965 3520 'QQPNb
934 3468 987 3516 W
1059 3395 1170 3486 mg*

102 3525 202 3593 fflu
221 3527 245 3580 b.
324 3533 367 3582 22.
392 3522 471 3602 aad]
500 3529 600 3587 onuP

140 3621 183 3660 na
188 3622 283 3664 cena
272 3575 653 3688 amoarrrawgemg
678 3635 737 3677 m
991 3605 1037 3652 Ἢ
