2414 3832
502 195 689 247 APPENDIX.

405 445 456 509 Ad
478 445 551 510 libr.
574 339 719 529 &prop
742 446 794 511 36.

160 567 301 634 erauit
324 572 432 632 autem
456 590 527 633 eam
547 591 587 632 ex
605 567 732 633 duobus
749 562 946 654 'nominibua
970 573 1046 655 quia
1065 594 1104 638 ex

95 675 220 740 duabus
244 675 461 740 rationalibus
486 675 666 758 composita
690 679 753 760 est,
783 676 912 760 proprie
934 678 1105 762 rationale,

94 786 254 866 quatenus
277 781 437 846 rationale
462 786 520 863 est,
543 803 677 846 nomen
700 803 829 847 uocans.

404 1101 456 1165 Ao
479 1100 553 1167 libr.
574 996 718 1185 illprop.
742 1102 795 1167 37.

161 1225 302 1291 Uooauit
333 1230 441 1290 autem
474 1247 546 1290 eam
579 1248 618 1290 ex
653 1225 778 1291 duabus
811 1226 925 1291 mediis
957 1226 1106 1312 primam,

94 1333 172 1419 quia
205 1332 345 1415 spatium
377 1332 535 1396 rationale
563 1332 853 1417 comprehendunt,
885 1336 918 1398 et
946 1331 1106 1397 rationale

91 1437 312 1524 principatum
335 1437 444 1501 habet.

406 1720 456 1784 Ad
479 1719 551 1784 libr.
574 1613 719 1803 llgprop.
743 1720 793 1784 38.

161 1844 302 1910 anauit
329 1848 439 1908 autem
466 1865 537 1908 eam
566 1865 604 1908 ex
633 1843 757 1909 duabus
780 1843 896 1909 mediis
921 1843 1107 1926 secundam,

96 1951 173 2036 quia
195 1950 336 2015 medium
360 1949 637 2033 comprehendunt
655 1951 890 2036 reotangulum,
913 1954 947 2014 et
965 1949 1107 2014 medium

93 2056 247 2123 rationali
269 2057 487 2141 postponitur.

93 2269 289 2354 prehensum
313 2269 502 2334 irrationale
519 2291 599 2354 esse,
623 2270 765 2353 adparet.
802 2292 879 2335 narn
903 2272 930 2334 si
948 2270 1107 2335 rationale

94 2379 146 2441 est
169 2379 203 2440 et
225 2379 333 2440 rectae
356 2375 512 2440 rationali
536 2375 734 2458 adplicatum
758 2378 821 2458 est,
847 2375 946 2440 etiarn
969 2376 1107 2440 alterum

95 2482 164 2546 eius
187 2483 272 2547 latus
296 2481 455 2546 rationale
478 2485 529 2545 eet
557 2483 663 2565 [prop.
684 2480 770 2562 XX].
816 2484 851 2545 at
872 2479 959 2544 idem
982 2480 1107 2545 irratio

95 2588 170 2653 nale
203 2593 266 2673 est3
304 2586 390 2672 quod
422 2587 597 2653 absurdum
626 2591 684 2652 est.
734 2607 811 2672 ergo
840 2587 983 2670 spatium
1010 2586 1106 2651 rectis

93 2694 249 2760 rationali
272 2697 304 2759 et
327 2693 510 2759 irrationali
534 2692 801 2778 comprehensum
824 2692 1011 2757 irrationale
1035 2699 1093 2758 est.

405 2994 458 3058 Ad
480 2995 553 3059 libr.
575 2889 720 3078 ξορτορ.
744 2994 796 3059 39.

160 3118 302 3194 Uooauit
339 3121 447 3183 autern
489 3139 560 3183 eam
602 3117 777 3202 maiorem,
818 3119 894 3202 quia
935 3117 1107 3183 rationalia

93 3221 330 3306 AB2-l-B1'2
367 3224 491 3289 maiora
527 3229 604 3290 eunt
641 3225 746 3290 medio
784 3226 881 3289 2213
895 3227 1034 3308 ><BF,
1074 3229 1107 3290 et

94 3395 224 3482 repetere
243 3400 273 3455 F.
351 3404 377 3454 6.
397 3395 532 3453 ἐκάλεσεν
549 3397 635 3454 PBF.
712 3396 756 3471 τό]
776 3395 807 3453 τὸ
827 3396 858 3454 τό
877 3399 955 3486 FV.x
1001 3405 1041 3486 ἱ8.
1055 3398 1113 3516 δέὲ

95 3472 198 3541 (prmo)
217 3487 271 3526 om.
287 3470 320 3525 V.
376 3476 400 3525 9.
421 3465 555 3539 ἐστιΒἾ,
575 3487 665 3541 comp.
680 3470 736 3526 rb.
790 3477 838 3526 n.
853 3476 969 3538 alenae
982 3487 1077 3521 anano
1123 3503 1131 3514 .

132 3547 173 3597 13.
194 3536 330 3596 ἐκάλεσεν
347 3540 433 3599 PBF.
497 3546 541 3602 lt.
562 3541 657 3616 μέσων
673 3541 796 3598 Part.
