2414 3832
484 172 672 224 APPENDIX.
1024 170 1086 234 387

75 315 200 379 mediae
223 314 427 400 longitudine
450 314 794 380 incommensurabiles
825 320 913 398 sunt,
940 316 1089 399 potentia

75 425 185 487 autem
208 423 338 485 tantum
362 421 679 504 commensurabiles,
703 424 736 485 et
758 442 870 485 rursus
889 420 1015 486 mediae
1034 443 1089 486 uo·

75 532 205 611 cantur,
237 527 313 610 quia
341 527 466 592 mediae
494 527 801 593 commensurabiles
830 530 907 590 sunt
933 529 1089 611 potentia,

75 637 109 698 et
131 633 219 697 inter
246 654 281 697 se
310 635 630 718 commensurabiles,
661 637 821 718 quatenus
850 632 975 698 mediae
1004 638 1089 718 sunt,

75 739 383 804 commensurabiles
416 744 525 804 autem
558 741 645 806 inter
673 763 707 805 se
735 744 792 805 aut
819 738 1022 825 longitudine
1056 743 1089 803 εὴ

74 846 226 931 potentia
249 850 305 910 aut
328 846 476 931 potentia
498 850 635 912 tantum.
674 851 706 911 et
731 847 759 912 si
781 845 985 931 longitudine
1005 867 1089 910 com·

75 953 312 1017 mensurabiles
336 957 426 1037 sunt,
453 956 486 1017 et
513 953 603 1037 ipsae
631 953 755 1018 mediae
778 951 981 1037 longitudine
1005 974 1089 1017 com·

75 1060 310 1124 mensurabiles
343 1063 514 1143 uocantur,
551 1082 624 1125 cum
660 1082 718 1143 per
756 1082 790 1125 se
828 1062 995 1144 sequatur,
1033 1081 1088 1124 eas

75 1166 225 1250 potentia
253 1187 380 1252 quoque
410 1168 720 1232 commensurabiles
748 1189 832 1252 esse3
864 1167 915 1231 sin
942 1167 1090 1249 potentia

74 1275 206 1337 tantum
242 1273 548 1339 commensurabiles
586 1278 679 1358 sunt,
716 1275 764 1340 sic
801 1295 927 1360 quoque
965 1273 1089 1338 mediae

75 1382 236 1443 uocantur
257 1382 405 1464 potentia
427 1385 555 1446 tantum
578 1381 895 1446 commensurabiles.

145 1484 269 1551 Medias
293 1491 402 1551 autem
430 1487 739 1552 commensurabiles
769 1507 851 1569 esse,
885 1485 931 1549 sic
960 1484 1090 1549 demon·

77 1592 261 1657 strandum:
294 1593 449 1678 quoniam
472 1593 596 1658 mediae
621 1591 719 1658 alicui
742 1590 865 1655 mediae
889 1613 1089 1655 commensu-

76 1698 198 1763 rabiles
227 1703 317 1783 sunt,
353 1703 386 1762 et
418 1720 499 1782 quae
532 1698 636 1763 eidem
668 1697 975 1763 commensurabilia
1004 1701 1089 1780 sunt,

76 1805 163 1869 inter
195 1827 229 1870 se
262 1825 390 1889 quoque
422 1803 726 1869 commensurabilia
760 1808 836 1869 sunt
870 1805 974 1888 [prop.
1002 1801 1090 1886 X11],

77 1911 204 1983 mediae
229 1916 306 1975 sunt
329 1911 645 1975 commensurabiles.

390 2210 441 2274 Ad
465 2211 537 2275 libr.
561 2107 705 2296 lllprop.
728 2214 780 2278 27.

507 2315 666 2381 Lemma.

148 2439 243 2505 Datis
272 2441 396 2507 duobus
428 2441 572 2505 numeris
603 2440 637 2503 in
666 2440 780 2524 queuis
812 2443 938 2506 ratione
966 2445 998 2505 et
1026 2442 1090 2506 alio

79 2547 220 2631 quodam
244 2569 379 2613 numero
404 2550 534 2630 oporiet
558 2546 699 2631 efficere,
731 2552 768 2610 ut
796 2547 850 2630 sit,
878 2551 915 2610 ut
936 2570 1090 2612 numerus

79 2655 120 2719 ad
143 2675 324 2738 numerum,
347 2655 394 2718 ita
416 2654 470 2718 hic
494 2653 533 2718 ad
558 2653 657 2718 alium
682 2653 850 2737 quendam.

148 2758 220 2825 Sint
238 2765 315 2842 AB,
334 2762 397 2823 ΓΔ
419 2760 546 2824 numeri
569 2759 639 2825 dati
661 2758 821 2824 rationem
841 2758 987 2842 quamuis
1006 2759 1091 2823 inter

79 2889 113 2932 se
137 2866 304 2950 habentes,
327 2867 410 2931 alius
435 2871 544 2932 autem
564 2866 682 2952 aliquis
701 2868 772 2930 ΓΕ.
807 2867 937 2947 oportet
956 2863 1091 2950 efficere,

92 3029 112 3078 Z
453 2973 537 3057 quod
561 2974 765 3057 propositum
789 2975 849 3036 est.

114 3061 118 3221 Ι
385 3059 390 3218 l
479 3091 482 3095 '
520 3079 720 3144 describatur
730 3079 815 3143 enim
828 3077 1091 3162 parallelogram-

91 3193 112 3239 A
391 3187 413 3235 Β
453 3209 542 3250 mum
555 3186 779 3270 rectangulum
789 3185 1057 3250 AE=AF><F
1053 3187 1092 3266 E,

339 3311 365 3360 Δ
455 3295 487 3356 εὴ
514 3292 620 3374 spatio
644 3295 714 3355 ΔΕ
739 3290 873 3374 aequale
896 3293 1003 3355 rectae
1026 3292 1090 3352 AB

89 3314 333 3540 ΞΓ*
455 3396 635 3480 adplicetur
662 3395 1016 3480 parallelogrammum
1036 3398 1104 3452 M.

454 3502 669 3570 latitudinem
709 3501 867 3568 efficiens
911 3499 998 3624 A}
1056 3489 1140 3544 'xum

921 3601 964 3647 as
