2414 3832
378 205 652 258 ELEMENTORUM
669 207 778 257 LIBER
796 207 829 258 X.
1044 204 1109 270 165

99 352 206 435 [prop.
226 346 298 431 XI].
339 370 452 414 uerum
482 351 717 430 0N=MN‚
750 349 964 424 NP=Nm
1010 372 1110 434 quare

96 458 192 539 MN,
219 453 291 529 ΝΞ
319 450 661 520 incommensurabiles
690 459 775 523 sunt.
821 458 854 519 et
886 459 969 519 MN
971 453 998 539 ²,
1025 453 1110 529 NE*

97 561 404 627 commensurabilia
432 564 521 646 sunt,
554 565 587 626 et
608 564 782 646 utrumque
805 562 974 627 rationale.
1020 566 1109 646 MN,

96 667 168 742 ΝΞ
192 667 296 753 igitur
321 667 498 733 rationales
528 672 603 733 sunt
626 667 776 751 potentia
798 670 926 732 tantum
949 689 1109 733 commen-

97 773 267 840 surabiles.

163 879 254 963 Ergo
273 878 348 979 ΜΞ
368 901 406 944 ex
425 877 549 945 dnobus
563 879 751 944 nominibus
766 883 816 944 est
831 882 935 964 [prop.
946 879 1110 966 XXXVH,

98 990 131 1051 et
153 982 243 1059 Ma*
257 1016 299 1038 ==
313 988 394 1063 ΑΓ;
418 986 505 1070 quod
528 990 597 1051 erat
620 986 915 1053 demonstrandum.

572 1161 640 1228 LV.

165 1285 201 1352 Si
224 1287 365 1371 spatium
388 1290 477 1351 recta
498 1288 653 1359 rationali
677 1292 709 1352 et
731 1293 821 1354 reeta
844 1311 883 1354 ex
906 1290 1031 1355 duobus
1053 1312 1110 1354 no-

98 1392 240 1459 minibus
260 1392 398 1458 secunda
417 1393 709 1477 comprehenditur,
731 1399 820 1459 reeta
839 1396 945 1480 spatio
966 1396 1110 1480 aequalis

99 1499 257 1584 quadrata
270 1499 471 1565 irrationalis
486 1503 536 1564 est
555 1521 594 1563 ex
613 1499 737 1563 duobus
758 1499 873 1564 mediis
891 1500 1006 1585 prima,
1029 1523 1111 1585 quae

96 1608 241 1672 uocatur.

165 1711 314 1797 Spatium
343 1713 430 1776 enim
457 1715 599 1777 ΑΒΓΔ
625 1710 778 1776 rationali
805 1716 870 1775 AB
899 1713 932 1776 et
959 1715 1049 1776 recta
1072 1734 1111 1776 ex

97 1819 222 1885 duobus
242 1818 429 1883 nominibus
449 1819 589 1884 secunda
607 1823 678 1883 ΑΔ
697 1818 996 1901 comprehendatur.
1031 1818 1112 1903 dico,

58 1921 61 1925 ’
95 1929 219 1990 rectam
252 1925 359 2010 spatio
395 1928 464 1990 ΑΓ
493 1926 661 2010 aequalem
694 1924 887 2010 quadratam
914 1947 953 1989 ex
985 1925 1110 1990 duobus

96 2031 212 2096 mediis
235 2030 374 2116 primam
398 2052 477 2096 esse.

157 2159 242 2203 ,nam
270 2137 423 2222 quoniam
447 2141 480 2200 A
487 2141 520 2200 Δ
548 2159 586 2202 ex
614 2137 739 2203 duobus
762 2137 948 2205 nominibus
972 2136 1113 2204 secunda

100 2248 157 2328 est,
180 2244 216 2308 in
234 2247 266 2308 E
283 2244 317 2308 in
335 2242 470 2308 nomina
484 2243 648 2309 diuidatur
665 2244 722 2329 ite,
740 2248 777 2309 ut
791 2248 860 2309 ΑΕ
876 2245 980 2311 maius
993 2264 1113 2309 nomen

99 2349 151 2414 sit.
187 2350 297 2433 itaque
320 2353 398 2430 ΑΕ,
422 2352 491 2412 ΕΔ
513 2348 690 2414 rationales
715 2354 791 2414 sunt
812 2349 961 2435 potentia
983 2353 1112 2414 tantum

100 2455 419 2538 commensurabiles,
438 2458 471 2519 et
488 2459 520 2518 A
530 2451 573 2518 E'
591 2455 715 2520 excedit
729 2453 809 2520 EA²
828 2455 985 2539 quadrato
1004 2458 1112 2520 rectae

101 2561 163 2626 sibi
178 2561 491 2646 commensurabilis,
515 2565 548 2625 et
566 2562 673 2626 minus
696 2583 815 2627 nomen
834 2565 903 2624 EA
920 2563 1027 2625 rectae
1045 2564 1112 2625 AB

99 2666 303 2753 longitndine
327 2667 620 2733 commensurabile
643 2672 694 2733 est
718 2667 792 2749 [def.
808 2666 864 2731 alt.
879 2667 922 2746 2].
960 2667 1025 2731 iam
1044 2671 1113 2730 ΕΔ

99 2772 134 2838 in
152 2777 180 2837 Z
198 2773 234 2837 in
253 2773 333 2838 duas
351 2777 461 2858 partes
481 2773 783 2860 aequalesjfseoetur,
807 2778 840 2838 et
859 2771 1016 2856 quadrato
1037 2769 1113 2835 EZ²

101 2878 236 2966 aequale
259 2882 366 2944 rectae
391 2883 458 2943 ΑΕ
480 2880 658 2964 adplicetur
680 2883 804 2948 AH><
815 2883 886 2943 HE
907 2878 1012 2962 figura
1035 2899 1112 2961 qua·

100 2985 195 3052 drale
211 2986 370 3051 deficiens.
412 2987 522 3071 itaque
545 2990 627 3070 ΑΗ,
642 2990 714 3051 ΗΕ
730 2985 934 3071 longitudine
953 3004 1113 3049 commen-

100 3092 259 3158 surabiles
284 3097 360 3158 sunt
388 3094 493 3177 [prop.
516 3092 636 3173 xvln.
677 3097 710 3157 et
735 3115 793 3177 per
819 3097 869 3173 H,
893 3095 937 3170 Ε,
962 3093 989 3152 Ζ
1015 3090 1112 3153 rectis

100 3203 178 3281 AB,
197 3201 259 3263 ΓΔ
281 3199 458 3282 parallelae
480 3199 637 3264 ducantur
660 3202 737 3282 ΗΘ,
757 3201 833 3280 ΕΚ,
853 3201 927 3280 ΖΛ,
951 3201 985 3260 et
1006 3195 1113 3280 paral·

101 3426 138 3468 m.
157 3425 213 3465 reo.
279 3406 350 3463 εἰσιν
368 3407 426 3463 ΡΒ.
487 3413 529 3464 21.
548 3408 597 3476 τῆς
611 3407 677 3478 ΕΔ]
696 3423 753 3476 mg.
766 3404 879 3461 mlP.
934 3412 979 3461 22.
998 3404 1116 3460 itureos

98 3476 134 3602 Pl
158 3479 298 3549 compl.
381 3480 511 3566 ”ussi
534 3477 630 3536 Aine.
649 3479 777 3538 mnu.
857 3481 1144 3549 ‘pereffluerem

98 3570 115 3601 τ
143 3568 179 3604 m.
200 3549 263 3602 IF.
336 3554 379 3604 26.
401 3550 449 3623 ro]
467 3572 506 3627 τῳ
527 3552 562 3613 V.
640 3560 687 3615 26.
709 3558 780 3626 ΑΗ,
799 3552 904 3612 HN
930 3566 1045 3609 enom.
