<?xml version="1.0" encoding="UTF-8"?>
<!DOCTYPE html PUBLIC "-//W3C//DTD XHTML 1.0 Transitional//EN"
    "http://www.w3.org/TR/xhtml1/DTD/xhtml1-transitional.dtd">
<html xmlns="http://www.w3.org/1999/xhtml" xml:lang="en" lang="en">
 <head>
  <title>
</title>
<meta http-equiv="Content-Type" content="text/html;charset=utf-8" />
  <meta name='ocr-system' content='tesseract 3.04.00' />
  <meta name='ocr-capabilities' content='ocr_page ocr_carea ocr_par ocr_line ocrx_word'/>
</head>
<body>
  <div class='ocr_page' id='page_1' title='image "./euclidisoperaom17unkngoog_0355.png"; bbox 0 0 2414 3832; ppageno 0'>
   <div class='ocr_carea' id='block_1_1' title="bbox 380 177 1111 243">
    <p class='ocr_par' dir='ltr' id='par_1_1' title="bbox 380 177 1111 243">
     <span class='ocr_line' id='line_1_1' title="bbox 380 177 1111 243; baseline 0.021 -16"><span class='ocrx_word' id='word_1_1' title='bbox 380 178 654 229; x_wconf 76' lang='lat' dir='ltr'>murmurouuu</span> <span class='ocrx_word' id='word_1_2' title='bbox 671 179 780 230; x_wconf 76' lang='lat' dir='ltr'>numu</span> <span class='ocrx_word' id='word_1_3' title='bbox 797 180 831 232; x_wconf 80' lang='lat' dir='ltr'>x,</span> <span class='ocrx_word' id='word_1_4' title='bbox 1045 177 1111 243; x_wconf 82' lang='lat'>343</span> 
     </span>
    </p>
   </div>
   <div class='ocr_carea' id='block_1_2' title="bbox 96 319 1111 933">
    <p class='ocr_par' dir='ltr' id='par_1_2' title="bbox 97 319 1111 722">
     <span class='ocr_line' id='line_1_2' title="bbox 97 319 1111 405; baseline 0.003 -21"><span class='ocrx_word' id='word_1_5' title='bbox 97 319 409 384; x_wconf 75' lang='lat' dir='ltr'>commensurabilia.</span> <span class='ocrx_word' id='word_1_6' title='bbox 456 341 554 404; x_wconf 86' lang='lat' dir='ltr'>quara</span> <span class='ocrx_word' id='word_1_7' title='bbox 579 321 677 393; x_wconf 84' lang='lat' dir='ltr'>etiam</span> <span class='ocrx_word' id='word_1_8' title='bbox 700 322 774 403; x_wconf 87' lang='grc' dir='ltr'>ΓΖ,</span> <span class='ocrx_word' id='word_1_9' title='bbox 799 323 866 383; x_wconf 93' lang='grc' dir='ltr'>ΖΔ</span> <span class='ocrx_word' id='word_1_10' title='bbox 893 322 1041 405; x_wconf 85' lang='lat' dir='ltr'>potentia</span> <span class='ocrx_word' id='word_1_11' title='bbox 1063 324 1111 388; x_wconf 92' lang='lat' dir='ltr'>in-</span> 
     </span>
     <span class='ocr_line' id='line_1_3' title="bbox 98 425 1110 511; baseline 0.004 -21"><span class='ocrx_word' id='word_1_12' title='bbox 98 425 406 490; x_wconf 70' lang='lat' dir='ltr'><strong>commensurabiles</strong></span> <span class='ocrx_word' id='word_1_13' title='bbox 422 429 498 490; x_wconf 85' lang='lat' dir='ltr'>sunt</span> <span class='ocrx_word' id='word_1_14' title='bbox 511 425 690 492; x_wconf 81' lang='lat' dir='ltr'>officientes</span> <span class='ocrx_word' id='word_1_15' title='bbox 704 448 865 492; x_wconf 84' lang='lat' dir='ltr'>summam</span> <span class='ocrx_word' id='word_1_16' title='bbox 878 426 1110 511; x_wconf 72' lang='lat' dir='ltr'>quadratorum</span> 
     </span>
     <span class='ocr_line' id='line_1_4' title="bbox 98 530 1111 617; baseline 0.004 -22"><span class='ocrx_word' id='word_1_17' title='bbox 98 530 237 596; x_wconf 85' lang='lat' dir='ltr'>madiam</span> <span class='ocrx_word' id='word_1_18' title='bbox 254 535 290 596; x_wconf 81' lang='lat' dir='ltr'>at</span> <span class='ocrx_word' id='word_1_19' title='bbox 307 533 533 617; x_wconf 78' lang='lat' dir='ltr'>rectangulum</span> <span class='ocrx_word' id='word_1_20' title='bbox 551 532 692 597; x_wconf 82' lang='lat' dir='ltr'>medium</span> <span class='ocrx_word' id='word_1_21' title='bbox 706 535 936 616; x_wconf 78' lang='lat' dir='ltr'>praetereaque</span> <span class='ocrx_word' id='word_1_22' title='bbox 951 555 1111 599; x_wconf 82' lang='lat' dir='ltr'>summam</span> 
     </span>
     <span class='ocr_line' id='line_1_5' title="bbox 100 636 934 722; baseline 0.001 -20"><span class='ocrx_word' id='word_1_23' title='bbox 100 636 334 722; x_wconf 74' lang='lat' dir='ltr'>quadratorum</span> <span class='ocrx_word' id='word_1_24' title='bbox 356 639 543 722; x_wconf 80' lang='lat' dir='ltr'>reatangulo</span> <span class='ocrx_word' id='word_1_25' title='bbox 566 637 934 703; x_wconf 74' lang='lat' dir='ltr'>inoommansurabilam,</span> 
     </span>
    </p>

    <p class='ocr_par' dir='ltr' id='par_1_3' title="bbox 96 741 1111 933">
     <span class='ocr_line' id='line_1_6' title="bbox 164 741 1111 831; baseline -0.001 -22"><span class='ocrx_word' id='word_1_26' title='bbox 164 742 254 828; x_wconf 75' lang='lat' dir='ltr'>Ergo</span> <span class='ocrx_word' id='word_1_27' title='bbox 278 746 340 808; x_wconf 91' lang='grc' dir='ltr'>ΓΔ</span> <span class='ocrx_word' id='word_1_28' title='bbox 361 746 451 808; x_wconf 83' lang='lat' dir='ltr'>recta</span> <span class='ocrx_word' id='word_1_29' title='bbox 474 749 525 809; x_wconf 83' lang='lat' dir='ltr'>est</span> <span class='ocrx_word' id='word_1_30' title='bbox 547 764 620 808; x_wconf 88' lang='lat' dir='ltr'>oum</span> <span class='ocrx_word' id='word_1_31' title='bbox 643 742 749 808; x_wconf 83' lang='lat' dir='ltr'>madio</span> <span class='ocrx_word' id='word_1_32' title='bbox 772 746 879 807; x_wconf 88' lang='lat' dir='ltr'>totum</span> <span class='ocrx_word' id='word_1_33' title='bbox 902 741 1043 808; x_wconf 87' lang='lat' dir='ltr'>medium</span> <span class='ocrx_word' id='word_1_34' title='bbox 1066 743 1111 831; x_wconf 78' lang='lat' dir='ltr'>oi-</span> 
     </span>
     <span class='ocr_line' id='line_1_7' title="bbox 96 847 1080 933; baseline 0.001 -20"><span class='ocrx_word' id='word_1_35' title='bbox 96 849 208 914; x_wconf 81' lang='lat' dir='ltr'>ficiens</span> <span class='ocrx_word' id='word_1_36' title='bbox 233 851 337 933; x_wconf 88' lang='lat' dir='ltr'>[prop.</span> <span class='ocrx_word' id='word_1_37' title='bbox 361 847 559 933; x_wconf 85' lang='lat' dir='ltr'>LXXVIII];</span> <span class='ocrx_word' id='word_1_38' title='bbox 582 849 669 932; x_wconf 91' lang='lat' dir='ltr'>quod</span> <span class='ocrx_word' id='word_1_39' title='bbox 691 852 762 931; x_wconf 81' lang='lat' dir='ltr'>orat</span> <span class='ocrx_word' id='word_1_40' title='bbox 784 848 1080 914; x_wconf 81' lang='lat' dir='ltr'>demonstrandum.</span> 
     </span>
    </p>
   </div>
   <div class='ocr_carea' id='block_1_3' title="bbox 545 1038 665 1109">
    <p class='ocr_par' dir='ltr' id='par_1_4' title="bbox 545 1038 665 1109">
     <span class='ocr_line' id='line_1_8' title="bbox 545 1038 665 1109; baseline -0.008 0"><span class='ocrx_word' id='word_1_41' title='bbox 545 1038 665 1109; x_wconf 78' lang='lat' dir='ltr'>CVIII.</span> 
     </span>
    </p>
   </div>
   <div class='ocr_carea' id='block_1_4' title="bbox 94 1164 1111 3136">
    <p class='ocr_par' dir='ltr' id='par_1_5' title="bbox 96 1164 1111 1458">
     <span class='ocr_line' id='line_1_9' title="bbox 165 1164 1109 1250; baseline 0.001 -19"><span class='ocrx_word' id='word_1_42' title='bbox 165 1164 279 1250; x_wconf 83' lang='lat' dir='ltr'>Spatio</span> <span class='ocrx_word' id='word_1_43' title='bbox 299 1167 405 1232; x_wconf 82' lang='lat' dir='ltr'>medio</span> <span class='ocrx_word' id='word_1_44' title='bbox 425 1189 445 1231; x_wconf 89' lang='lat' dir='ltr'>a</span> <span class='ocrx_word' id='word_1_45' title='bbox 463 1166 618 1232; x_wconf 88' lang='lat' dir='ltr'>rationali</span> <span class='ocrx_word' id='word_1_46' title='bbox 633 1167 743 1231; x_wconf 87' lang='lat' dir='ltr'>ablato</span> <span class='ocrx_word' id='word_1_47' title='bbox 757 1169 847 1231; x_wconf 77' lang='lat' dir='ltr'>reatu</span> <span class='ocrx_word' id='word_1_48' title='bbox 861 1165 987 1249; x_wconf 83' lang='lat' dir='ltr'>reliquo</span> <span class='ocrx_word' id='word_1_49' title='bbox 1002 1166 1109 1249; x_wconf 80' lang='lat' dir='ltr'>spatio</span> 
     </span>
     <span class='ocr_line' id='line_1_10' title="bbox 96 1271 1111 1356; baseline 0.001 -20"><span class='ocrx_word' id='word_1_50' title='bbox 96 1272 242 1356; x_wconf 80' lang='lat' dir='ltr'>aequalia</span> <span class='ocrx_word' id='word_1_51' title='bbox 266 1273 425 1355; x_wconf 84' lang='lat' dir='ltr'>quadrata</span> <span class='ocrx_word' id='word_1_52' title='bbox 443 1272 603 1337; x_wconf 86' lang='lat' dir='ltr'>alterutra</span> <span class='ocrx_word' id='word_1_53' title='bbox 620 1275 782 1338; x_wconf 77' lang='lat' dir='ltr'>rectarum</span> <span class='ocrx_word' id='word_1_54' title='bbox 799 1271 1040 1338; x_wconf 72' lang='lat' dir='ltr'>irrationalium</span> <span class='ocrx_word' id='word_1_55' title='bbox 1060 1275 1111 1337; x_wconf 79' lang='lat' dir='ltr'>eat</span> 
     </span>
     <span class='ocr_line' id='line_1_11' title="bbox 97 1376 546 1458; baseline 0.004 -19"><span class='ocrx_word' id='word_1_56' title='bbox 97 1380 156 1440; x_wconf 90' lang='lat' dir='ltr'>aut</span> <span class='ocrx_word' id='word_1_57' title='bbox 178 1379 329 1458; x_wconf 76' lang='lat' dir='ltr'>apotome</span> <span class='ocrx_word' id='word_1_58' title='bbox 353 1380 411 1441; x_wconf 88' lang='lat' dir='ltr'>aut</span> <span class='ocrx_word' id='word_1_59' title='bbox 433 1376 546 1442; x_wconf 88' lang='lat' dir='ltr'>minor.</span> 
     </span>
    </p>

    <p class='ocr_par' dir='ltr' id='par_1_6' title="bbox 96 1466 1110 1882">
     <span class='ocr_line' id='line_1_12' title="bbox 165 1466 1110 1564; baseline 0.007 -20"><span class='ocrx_word' id='word_1_60' title='bbox 165 1502 242 1545; x_wconf 90' lang='lat' dir='ltr'>nam</span> <span class='ocrx_word' id='word_1_61' title='bbox 262 1503 281 1545; x_wconf 93' lang='lat' dir='ltr'>a</span> <span class='ocrx_word' id='word_1_62' title='bbox 300 1466 407 1564; x_wconf 80' lang='lat' dir='ltr'>spatii&gt;</span> <span class='ocrx_word' id='word_1_63' title='bbox 430 1481 583 1546; x_wconf 87' lang='lat' dir='ltr'>rationali</span> <span class='ocrx_word' id='word_1_64' title='bbox 601 1486 668 1548; x_wconf 89' lang='grc' dir='ltr'>ΒΓ</span> <span class='ocrx_word' id='word_1_65' title='bbox 685 1484 827 1549; x_wconf 88' lang='lat' dir='ltr'>medium</span> <span class='ocrx_word' id='word_1_66' title='bbox 849 1483 1014 1549; x_wconf 78' lang='lat' dir='ltr'>auferatur</span> <span class='ocrx_word' id='word_1_67' title='bbox 1032 1489 1110 1551; x_wconf 81' lang='lat' dir='ltr'>BA.</span> 
     </span>
     <span class='ocr_line' id='line_1_13' title="bbox 97 1584 1109 1673; baseline 0.007 -25"><span class='ocrx_word' id='word_1_68' title='bbox 97 1584 186 1668; x_wconf 82' lang='lat' dir='ltr'>dico,</span> <span class='ocrx_word' id='word_1_69' title='bbox 212 1589 337 1650; x_wconf 82' lang='lat' dir='ltr'>rectam</span> <span class='ocrx_word' id='word_1_70' title='bbox 363 1586 490 1670; x_wconf 87' lang='lat' dir='ltr'>raliquo</span> <span class='ocrx_word' id='word_1_71' title='bbox 512 1589 579 1651; x_wconf 82' lang='grc' dir='ltr'>ΕΓ</span> <span class='ocrx_word' id='word_1_72' title='bbox 601 1590 770 1673; x_wconf 78' lang='lat' dir='ltr'>aequalem</span> <span class='ocrx_word' id='word_1_73' title='bbox 798 1589 989 1673; x_wconf 88' lang='lat' dir='ltr'>quadratam</span> <span class='ocrx_word' id='word_1_74' title='bbox 1014 1591 1109 1655; x_wconf 84' lang='lat' dir='ltr'>alter·</span> 
     </span>
     <span class='ocr_line' id='line_1_14' title="bbox 96 1693 1110 1778; baseline 0.007 -24"><span class='ocrx_word' id='word_1_75' title='bbox 96 1693 205 1755; x_wconf 89' lang='lat' dir='ltr'>utram</span> <span class='ocrx_word' id='word_1_76' title='bbox 227 1694 388 1757; x_wconf 85' lang='lat' dir='ltr'>rootarum</span> <span class='ocrx_word' id='word_1_77' title='bbox 409 1693 648 1759; x_wconf 81' lang='lat' dir='ltr'>irrationalium</span> <span class='ocrx_word' id='word_1_78' title='bbox 672 1717 742 1760; x_wconf 76' lang='lat' dir='ltr'>earo</span> <span class='ocrx_word' id='word_1_79' title='bbox 771 1699 828 1760; x_wconf 90' lang='lat' dir='ltr'>aut</span> <span class='ocrx_word' id='word_1_80' title='bbox 852 1697 1031 1778; x_wconf 71' lang='lat' dir='ltr'>apotomen</span> <span class='ocrx_word' id='word_1_81' title='bbox 1053 1701 1110 1762; x_wconf 89' lang='lat' dir='ltr'>aut</span> 
     </span>
     <span class='ocr_line' id='line_1_15' title="bbox 96 1797 864 1882; baseline 0.003 -19"><span class='ocrx_word' id='word_1_82' title='bbox 96 1797 263 1863; x_wconf 88' lang='lat' dir='ltr'>minorem.</span> <span class='ocrx_word' id='word_1_83' title='bbox 862 1879 864 1882; x_wconf 16' lang='grc' dir='ltr'>Ι</span> 
     </span>
    </p>

    <p class='ocr_par' dir='ltr' id='par_1_7' title="bbox 94 1905 1109 2204">
     <span class='ocr_line' id='line_1_16' title="bbox 163 1905 1109 1993; baseline 0.005 -25"><span class='ocrx_word' id='word_1_84' title='bbox 163 1907 305 1989; x_wconf 88' lang='lat' dir='ltr'>ponatur</span> <span class='ocrx_word' id='word_1_85' title='bbox 324 1905 410 1970; x_wconf 86' lang='lat' dir='ltr'>enim</span> <span class='ocrx_word' id='word_1_86' title='bbox 427 1905 600 1970; x_wconf 84' lang='lat' dir='ltr'>rationalia</span> <span class='ocrx_word' id='word_1_87' title='bbox 618 1908 698 1989; x_wconf 87' lang='lat' dir='ltr'>ZH,</span> <span class='ocrx_word' id='word_1_88' title='bbox 722 1912 756 1971; x_wconf 83' lang='lat' dir='ltr'>et</span> <span class='ocrx_word' id='word_1_89' title='bbox 775 1908 881 1991; x_wconf 85' lang='lat' dir='ltr'>spatio</span> <span class='ocrx_word' id='word_1_90' title='bbox 895 1911 962 1972; x_wconf 89' lang='grc' dir='ltr'>ΒΓ</span> <span class='ocrx_word' id='word_1_91' title='bbox 975 1909 1109 1993; x_wconf 79' lang='lat' dir='ltr'>aequale</span> 
     </span>
     <span class='ocr_line' id='line_1_17' title="bbox 94 2009 1109 2099; baseline 0.004 -23"><span class='ocrx_word' id='word_1_92' title='bbox 94 2014 203 2076; x_wconf 85' lang='lat' dir='ltr'>rootae</span> <span class='ocrx_word' id='word_1_93' title='bbox 227 2012 298 2075; x_wconf 87' lang='grc' dir='ltr'>ΖΗ</span> <span class='ocrx_word' id='word_1_94' title='bbox 316 2009 495 2094; x_wconf 78' lang='lat' dir='ltr'>adplicetur</span> <span class='ocrx_word' id='word_1_95' title='bbox 516 2013 745 2098; x_wconf 76' lang='lat' dir='ltr'>raotangulum</span> <span class='ocrx_word' id='word_1_96' title='bbox 767 2017 848 2097; x_wconf 81' lang='grc' dir='ltr'>ΗΘ,</span> <span class='ocrx_word' id='word_1_97' title='bbox 873 2015 978 2099; x_wconf 84' lang='lat' dir='ltr'>spatio</span> <span class='ocrx_word' id='word_1_98' title='bbox 1002 2018 1109 2080; x_wconf 85' lang='lat' dir='ltr'>autem</span> 
     </span>
     <span class='ocr_line' id='line_1_18' title="bbox 97 2116 1109 2204; baseline 0.007 -24"><span class='ocrx_word' id='word_1_99' title='bbox 97 2121 163 2180; x_wconf 85' lang='grc' dir='ltr'>ΔΒ</span> <span class='ocrx_word' id='word_1_100' title='bbox 179 2116 313 2199; x_wconf 84' lang='lat' dir='ltr'>aequale</span> <span class='ocrx_word' id='word_1_101' title='bbox 333 2116 498 2182; x_wconf 82' lang='lat' dir='ltr'>auferatur</span> <span class='ocrx_word' id='word_1_102' title='bbox 510 2120 591 2184; x_wconf 89' lang='lat' dir='ltr'>HK.</span> <span class='ocrx_word' id='word_1_103' title='bbox 622 2119 733 2202; x_wconf 87' lang='lat' dir='ltr'>itaquo</span> <span class='ocrx_word' id='word_1_104' title='bbox 747 2120 906 2204; x_wconf 87' lang='lat' dir='ltr'>reliquum</span> <span class='ocrx_word' id='word_1_105' title='bbox 921 2125 982 2186; x_wconf 85' lang='grc' dir='ltr'>ΕΓ</span> <span class='ocrx_word' id='word_1_106' title='bbox 987 2125 1067 2185; x_wconf 78' lang='lat' dir='ltr'>=A</span> <span class='ocrx_word' id='word_1_107' title='bbox 1072 2125 1109 2187; x_wconf 81' lang='grc' dir='ltr'>Θ.</span> 
     </span>
    </p>

    <p class='ocr_par' dir='ltr' id='par_1_8' title="bbox 710 2225 1110 2310">
     <span class='ocr_line' id='line_1_19' title="bbox 710 2225 1110 2310; baseline 0.008 -22"><span class='ocrx_word' id='word_1_108' title='bbox 710 2225 776 2289; x_wconf 87' lang='lat' dir='ltr'>iam</span> <span class='ocrx_word' id='word_1_109' title='bbox 800 2228 953 2310; x_wconf 88' lang='lat' dir='ltr'>quoniam</span> <span class='ocrx_word' id='word_1_110' title='bbox 977 2231 1043 2292; x_wconf 90' lang='grc' dir='ltr'>ΒΓ</span> <span class='ocrx_word' id='word_1_111' title='bbox 1061 2249 1110 2291; x_wconf 90' lang='lat' dir='ltr'>ra·</span> 
     </span>
    </p>

    <p class='ocr_par' dir='ltr' id='par_1_9' title="bbox 709 2330 1109 2416">
     <span class='ocr_line' id='line_1_20' title="bbox 709 2330 1109 2416; baseline 0.008 -22"><span class='ocrx_word' id='word_1_112' title='bbox 709 2330 832 2396; x_wconf 84' lang='lat' dir='ltr'>tionale</span> <span class='ocrx_word' id='word_1_113' title='bbox 847 2336 905 2416; x_wconf 87' lang='lat' dir='ltr'>est,</span> <span class='ocrx_word' id='word_1_114' title='bbox 919 2338 987 2397; x_wconf 85' lang='lat' dir='ltr'>BA</span> <span class='ocrx_word' id='word_1_115' title='bbox 1001 2336 1109 2398; x_wconf 84' lang='lat' dir='ltr'>autern</span> 
     </span>
    </p>

    <p class='ocr_par' dir='ltr' id='par_1_10' title="bbox 710 2437 1109 2521">
     <span class='ocr_line' id='line_1_21' title="bbox 710 2437 1109 2521; baseline 0.005 -21"><span class='ocrx_word' id='word_1_116' title='bbox 710 2437 860 2520; x_wconf 83' lang='lat' dir='ltr'>medium,</span> <span class='ocrx_word' id='word_1_117' title='bbox 872 2443 904 2502; x_wconf 86' lang='lat' dir='ltr'>at</span> <span class='ocrx_word' id='word_1_118' title='bbox 914 2441 1021 2502; x_wconf 82' lang='lat' dir='ltr'>BF==</span> <span class='ocrx_word' id='word_1_119' title='bbox 1029 2441 1066 2502; x_wconf 88' lang='lat' dir='ltr'><em>H</em></span> <span class='ocrx_word' id='word_1_120' title='bbox 1069 2442 1109 2521; x_wconf 78' lang='grc' dir='ltr'>Θ,</span> 
     </span>
    </p>

    <p class='ocr_par' dir='ltr' id='par_1_11' title="bbox 709 2544 1109 2626">
     <span class='ocr_line' id='line_1_22' title="bbox 709 2544 1109 2626; baseline 0.008 -21"><span class='ocrx_word' id='word_1_121' title='bbox 709 2547 774 2606; x_wconf 82' lang='grc' dir='ltr'>ΒΔ</span> <span class='ocrx_word' id='word_1_122' title='bbox 783 2571 826 2594; x_wconf 88' lang='lat'>==</span> <span class='ocrx_word' id='word_1_123' title='bbox 836 2546 914 2626; x_wconf 89' lang='lat' dir='ltr'>HK,</span> <span class='ocrx_word' id='word_1_124' title='bbox 929 2546 997 2607; x_wconf 83' lang='grc' dir='ltr'>ΗΘ</span> <span class='ocrx_word' id='word_1_125' title='bbox 1009 2544 1109 2608; x_wconf 86' lang='lat' dir='ltr'>ratio·</span> 
     </span>
    </p>

    <p class='ocr_par' dir='ltr' id='par_1_12' title="bbox 709 2649 1107 2732">
     <span class='ocr_line' id='line_1_23' title="bbox 709 2649 1107 2732; baseline 0.005 -20"><span class='ocrx_word' id='word_1_126' title='bbox 709 2649 784 2713; x_wconf 86' lang='lat' dir='ltr'>nala</span> <span class='ocrx_word' id='word_1_127' title='bbox 811 2651 873 2732; x_wconf 81' lang='lat' dir='ltr'>ost,</span> <span class='ocrx_word' id='word_1_128' title='bbox 900 2652 974 2712; x_wconf 87' lang='grc' dir='ltr'>ΗΚ</span> <span class='ocrx_word' id='word_1_129' title='bbox 999 2652 1107 2714; x_wconf 86' lang='lat' dir='ltr'>autam</span> 
     </span>
    </p>

    <p class='ocr_par' dir='ltr' id='par_1_13' title="bbox 709 2753 1108 2820">
     <span class='ocr_line' id='line_1_24' title="bbox 709 2753 1108 2820; baseline 0.008 -4"><span class='ocrx_word' id='word_1_130' title='bbox 709 2753 860 2820; x_wconf 86' lang='lat' dir='ltr'>modium.</span> <span class='ocrx_word' id='word_1_131' title='bbox 900 2756 933 2818; x_wconf 86' lang='lat' dir='ltr'>et</span> <span class='ocrx_word' id='word_1_132' title='bbox 955 2755 1108 2819; x_wconf 89' lang='lat' dir='ltr'>rationali</span> 
     </span>
    </p>

    <p class='ocr_par' dir='ltr' id='par_1_14' title="bbox 643 2858 1108 2962">
     <span class='ocr_line' id='line_1_25' title="bbox 643 2858 1108 2962; baseline 0.009 -42"><span class='ocrx_word' id='word_1_133' title='bbox 643 2911 674 2962; x_wconf 81' lang='lat' dir='ltr'><em>H</em></span> <span class='ocrx_word' id='word_1_134' title='bbox 711 2863 782 2923; x_wconf 88' lang='grc' dir='ltr'>ΖΗ</span> <span class='ocrx_word' id='word_1_135' title='bbox 821 2858 983 2942; x_wconf 82' lang='lat' dir='ltr'>adplicata</span> <span class='ocrx_word' id='word_1_136' title='bbox 1024 2863 1108 2924; x_wconf 82' lang='lat' dir='ltr'>sunt.</span> 
     </span>
    </p>

    <p class='ocr_par' dir='ltr' id='par_1_15' title="bbox 518 2965 1107 3136">
     <span class='ocr_line' id='line_1_26' title="bbox 518 2965 1107 3048; baseline 0.002 -20"><span class='ocrx_word' id='word_1_137' title='bbox 518 2981 521 2984; x_wconf 75' lang='grc'><strong>’</strong></span> <span class='ocrx_word' id='word_1_138' title='bbox 626 2981 637 2986; x_wconf 76' lang='grc'><strong>”</strong></span> <span class='ocrx_word' id='word_1_139' title='bbox 709 2965 820 3048; x_wconf 87' lang='lat' dir='ltr'>itaqua</span> <span class='ocrx_word' id='word_1_140' title='bbox 848 2969 909 3029; x_wconf 82' lang='grc' dir='ltr'>ΖΘ</span> <span class='ocrx_word' id='word_1_141' title='bbox 935 2965 1107 3029; x_wconf 86' lang='lat' dir='ltr'>rationalis</span> 
     </span>
     <span class='ocr_line' id='line_1_27' title="bbox 709 3071 1107 3136; baseline 0.008 -3"><span class='ocrx_word' id='word_1_142' title='bbox 709 3075 760 3133; x_wconf 85' lang='lat' dir='ltr'>est</span> <span class='ocrx_word' id='word_1_143' title='bbox 779 3074 812 3134; x_wconf 85' lang='lat' dir='ltr'>at</span> <span class='ocrx_word' id='word_1_144' title='bbox 829 3075 935 3136; x_wconf 80' lang='lat' dir='ltr'>reatae</span> <span class='ocrx_word' id='word_1_145' title='bbox 955 3073 1022 3132; x_wconf 89' lang='grc' dir='ltr'>ΖΗ</span> <span class='ocrx_word' id='word_1_146' title='bbox 1039 3071 1107 3135; x_wconf 92' lang='lat' dir='ltr'>lon·</span> 
     </span>
    </p>
   </div>
   <div class='ocr_carea' id='block_1_5' title="bbox 417 2292 501 2343">
    <p class='ocr_par' dir='ltr' id='par_1_16' title="bbox 417 2292 501 2343">
     <span class='ocr_line' id='line_1_28' title="bbox 417 2292 501 2343; baseline 0.012 -1"><span class='ocrx_word' id='word_1_147' title='bbox 417 2292 501 2343; x_wconf 89' lang='grc' dir='ltr'>ΕΒ</span> 
     </span>
    </p>
   </div>
   <div class='ocr_carea' id='block_1_6' title="bbox 644 3140 1107 3260">
    <p class='ocr_par' dir='ltr' id='par_1_17' title="bbox 644 3140 1107 3260">
     <span class='ocr_line' id='line_1_29' title="bbox 644 3140 1107 3260; baseline 0.004 -23"><span class='ocrx_word' id='word_1_148' title='bbox 644 3140 665 3191; x_wconf 73' lang='lat' dir='ltr'>z</span> <span class='ocrx_word' id='word_1_149' title='bbox 709 3174 855 3260; x_wconf 84' lang='lat' dir='ltr'>gitudino</span> <span class='ocrx_word' id='word_1_150' title='bbox 871 3195 1107 3239; x_wconf 78' lang='lat' dir='ltr'>commensura·</span> 
     </span>
    </p>
   </div>
   <div class='ocr_carea' id='block_1_7' title="bbox 91 3271 1158 3577">
    <p class='ocr_par' dir='ltr' id='par_1_18' title="bbox 91 3271 1158 3577">
     <span class='ocr_line' id='line_1_30' title="bbox 92 3271 1115 3366; baseline 0.001 -22"><span class='ocrx_word' id='word_1_151' title='bbox 92 3281 170 3345; x_wconf 86' lang='lat' dir='ltr'>bilis</span> <span class='ocrx_word' id='word_1_152' title='bbox 195 3282 300 3366; x_wconf 84' lang='lat' dir='ltr'>[prop.</span> <span class='ocrx_word' id='word_1_153' title='bbox 323 3271 416 3363; x_wconf 80' lang='lat' dir='ltr'>XXJ,</span> <span class='ocrx_word' id='word_1_154' title='bbox 438 3283 506 3345; x_wconf 87' lang='grc' dir='ltr'>ΖΚ</span> <span class='ocrx_word' id='word_1_155' title='bbox 527 3284 636 3344; x_wconf 88' lang='lat' dir='ltr'>autem</span> <span class='ocrx_word' id='word_1_156' title='bbox 659 3279 829 3345; x_wconf 83' lang='lat' dir='ltr'>rationalia</span> <span class='ocrx_word' id='word_1_157' title='bbox 853 3283 886 3346; x_wconf 84' lang='lat' dir='ltr'>et</span> <span class='ocrx_word' id='word_1_158' title='bbox 907 3282 1015 3346; x_wconf 83' lang='lat' dir='ltr'>reatae</span> <span class='ocrx_word' id='word_1_159' title='bbox 1038 3283 1115 3345; x_wconf 87' lang='grc' dir='ltr'>ΖΗ</span> 
     </span>
     <span class='ocr_line' id='line_1_31' title="bbox 92 3384 1128 3472; baseline -0.01 -21"><span class='ocrx_word' id='word_1_160' title='bbox 92 3387 297 3472; x_wconf 80' lang='lat' dir='ltr'>longitudino</span> <span class='ocrx_word' id='word_1_161' title='bbox 328 3385 665 3450; x_wconf 82' lang='lat' dir='ltr'>incommensurabilis</span> <span class='ocrx_word' id='word_1_162' title='bbox 699 3387 806 3472; x_wconf 78' lang='lat' dir='ltr'>[prop.</span> <span class='ocrx_word' id='word_1_163' title='bbox 833 3384 965 3466; x_wconf 54' lang='lat' dir='ltr'>lfflll.</span> <span class='ocrx_word' id='word_1_164' title='bbox 1017 3403 1128 3464; x_wconf 59' lang='lat' dir='ltr'>quana</span> 
     </span>
     <span class='ocr_line' id='line_1_32' title="bbox 91 3482 1158 3577; baseline 0.003 -21"><span class='ocrx_word' id='word_1_165' title='bbox 91 3496 169 3567; x_wconf 77' lang='grc' dir='ltr'>ΖΘ,</span> <span class='ocrx_word' id='word_1_166' title='bbox 192 3495 264 3556; x_wconf 88' lang='lat' dir='ltr'>ZK</span> <span class='ocrx_word' id='word_1_167' title='bbox 285 3489 494 3577; x_wconf 79' lang='lat' dir='ltr'>longitudino</span> <span class='ocrx_word' id='word_1_168' title='bbox 522 3482 895 3564; x_wconf 70' lang='lat' dir='ltr'>incommensuratiilaa</span> <span class='ocrx_word' id='word_1_169' title='bbox 922 3489 1012 3554; x_wconf 66' lang='lat' dir='ltr'>aunt</span> <span class='ocrx_word' id='word_1_170' title='bbox 1029 3486 1158 3559; x_wconf 49' lang='lat' dir='ltr'>&amp;um</span> 
     </span>
    </p>
   </div>
   <div class='ocr_carea' id='block_1_8' title="bbox 0 0 1212 3832">
    <p class='ocr_par' dir='ltr' id='par_1_19' title="bbox 0 0 1212 3832">
     <span class='ocr_line' id='line_1_33' title="bbox 0 0 1212 3832; baseline 0 1"><span class='ocrx_word' id='word_1_171' title='bbox 0 0 1212 3832; x_wconf 95' lang='lat' dir='ltr'> </span> 
     </span>
    </p>
   </div>
  </div>
 </body>
</html>
