2414 3832
110 196 176 259 410
524 197 712 250 APPENDIX.

110 335 297 424 ἐπειδήπερ,
312 335 373 404 έδιν
386 336 538 420 περισσοὶ
554 334 694 424 ἀριθμοὶ
706 334 889 405 ὁποσοιοῦν
903 339 1122 423 συντεθῶσιν,

108 443 146 511 τὸ
163 443 200 512 δέ
215 447 346 530 πλήδος
359 441 472 512 αὐτῶν
486 441 647 531 περισσὸν
662 435 694 532 6,
719 440 736 511 6
757 441 835 523 ὅλος
848 441 1004 530 περισσός
1019 444 1122 510 ἐστιν·

110 546 128 616 6
154 556 217 617 EZ
240 549 306 638 ἄρα
328 549 443 638 ἄρτιός
466 553 565 619 ἐστιν.
610 549 785 638 τετμήσθω
815 554 891 637 δίχα
918 547 999 616 κατὰ
1024 546 1061 616 τὸ
1087 556 1123 616 Θ.

108 655 164 722 καλ
184 657 252 724 έκελ
273 659 308 725 ολ
326 664 398 742 ΕΖ,
417 663 456 724 Η
470 655 639 742 ἐλάχιστοί
655 660 719 724 εἰσι
739 666 807 724 τῶν
825 654 885 724 τὸν
900 653 1004 723 αὐτὸν
1017 653 1124 740 λόγον

74 760 254 848 εέχόντων
280 760 435 848 whom,
467 766 592 851 πρῶτοι
619 760 704 851 πρὸς
732 761 896 848 ἀλλήλους
925 767 1018 831 εἰσίν.
1066 763 1124 828 κοιλ

109 865 126 936 6
151 875 214 936 ΕΖ
242 867 369 957 ἄρτιος·
405 867 562 957 περισσὸς
589 867 654 956 ἄρα
683 869 773 937 ἐστὶν
802 865 820 936 6
844 875 887 936 H.
933 873 964 937 εἰ
990 865 1054 955 γδιρ
1077 860 1122 954 ήυ

110 972 236 1060 ἄρτιος,
269 975 348 1056 τοὺς
376 982 453 1061 ΕΖ,
477 982 516 1043 Η
540 975 623 1055 δυδις
650 976 789 1063 έμέτρει·
827 978 891 1054 τοῖς
917 978 983 1060 γὰρ
1008 973 1122 1061 δι’ρτιος

108 1085 173 1166 ἔχει
192 1084 291 1170 μέρος
309 1079 425 1168 ήμισυ·
454 1079 606 1168 πρώτους
625 1077 724 1160 ὄντας
742 1083 825 1169 πρὸς
839 1077 1016 1166 ἀλλήλους·
1040 1079 1121 1168 ὅπερ

108 1187 199 1254 ἐστὶν
222 1185 402 1254 ἀδύνατον.
431 1184 493 1254 οὐκ
516 1184 583 1273 ἄρα
602 1183 715 1269 ἄρτιός
739 1189 829 1255 ἐστιν
854 1183 871 1254 6
895 1193 941 1254 Η·
965 1185 1122 1274 περισσὸς

56 1320 89 1370 10
108 1289 181 1378 ἄρα.
217 1291 273 1357 κοιλ
297 1291 366 1359 έιιεὶ
390 1290 565 1372 διπλάσιος
589 1289 606 1360 6
627 1299 689 1360 ΕΖ
707 1302 769 1360 τοῦ
789 1299 861 1381 ΕΘ,
884 1291 1123 1380 τετραπλάσιος

107 1394 173 1483 ἄρα
197 1394 215 1463 6
234 1395 300 1464 ἀπὸ
319 1404 382 1464 ΕΖ
404 1401 466 1466 τοῦ
485 1397 549 1466 ἀπὸ
570 1406 640 1466 ΕΘ.
670 1398 843 1478 διπλάσιος
867 1398 905 1467 δὲ
928 1397 946 1466 ὁ
970 1398 1035 1466 ἀπὸ
1060 1403 1121 1467 τοῦ

109 1508 171 1570 ΕΖ
193 1506 255 1570 τοῦ
273 1500 338 1571 ἆιιὸ
359 1508 421 1572 τοῦ
434 1511 481 1572 Η·
506 1491 680 1584 διπλάσιος
703 1502 769 1591 ἄρα
793 1502 811 1571 6
836 1502 900 1573 ἀπὸ
923 1508 984 1572 τοῦ
1002 1511 1042 1572 Η
1060 1508 1121 1573 τοῦ

107 1606 172 1676 ολιιὸ
197 1616 271 1677 ΕΘ·
295 1608 409 1698 ἄρτιος
431 1609 496 1697 ἄρα
520 1609 610 1678 ἐστὶν
634 1607 652 1676 6
676 1607 741 1676 ἀπὸ
764 1620 826 1677 τοῦ
848 1616 891 1679 Η.
920 1608 1034 1698 ἄρτιος
1055 1609 1122 1697 δι’ριι

107 1713 163 1783 διὰ
186 1713 226 1783 τδι
249 1717 407 1803 εἰρημένα
430 1713 448 1782 6
472 1722 520 1783 H·
553 1714 637 1783 ἆλλδι
659 1715 714 1783 κοιλ
734 1715 903 1803 περισσός·
927 1714 1008 1802 ὅπερ
1028 1716 1120 1783 ἐστὶν

56 1849 88 1898 15
107 1820 287 1892 ἀδύνατον.
333 1819 395 1890 οὐκ
422 1820 487 1909 ἄρα
515 1821 699 1910 σύμμετρός
728 1823 819 1889 ἐστιν
845 1819 865 1908 6
895 1827 955 1889 ΓΑ
981 1826 1021 1911 τή
1054 1830 1120 1891 ΑΒ

107 1927 215 2014 μήκει·
244 1926 324 2016 ὅιιερ
349 1932 416 1996 ἔδει
440 1929 553 2008 δεῖξαι.

532 2136 684 2218 ’Ἁλλως

174 2263 349 2346 [Δεικτέον
371 2263 426 2330 κοιλ
450 2263 580 2351 ἑτέρως,
604 2261 655 2331 ὅτι
678 2261 888 2352 ἀσύμμετρός
907 2266 997 2334 ἐστιν
1016 2262 1037 2353 6
1056 2271 1120 2335 τοῦ

106 2370 317 2458 τετραγώνου
341 2368 516 2457 διάμετρος
539 2373 578 2458 τῇ
602 2373 754 2456 πλενρᾷ].

53 2502 87 2550 νο
163 2475 271 2544 Ἔστω
300 2474 376 2544 ἀντὶ
404 2476 466 2563 μὲν
492 2479 551 2562 τῆς
578 2475 758 2563 διαμέτρου
781 2474 801 2562 6
826 2484 873 2564 A,
901 2477 977 2546 ἀντὶ
1000 2477 1038 2546 δὲ
1060 2482 1121 2566 τής

105 2587 250 2671 πλευρᾶς
272 2580 292 2668 6
316 2589 357 2648 B·
384 2583 480 2668 λέγω,
505 2579 556 2649 ὅτι
579 2580 788 2670 ἀσύμμετρός
811 2585 902 2652 ἐστιν
925 2611 946 2670 ή
972 2594 1004 2652 Α
1025 2589 1065 2674 τή
1090 2593 1119 2653 Β

106 2689 210 2776 μήκει.
238 2693 269 2758 εἰ
282 2688 346 2776 γὰρ
362 2686 519 2773 δυνατόν,
538 2692 620 2755 ἔστω
637 2692 846 2777 [σύμμετρος
869 2690 926 2758 κοιλ
939 2692 1119 2778 γεγονέτω]

105 2796 207 2864 πάλιν
231 2822 276 2875 ως
299 2791 319 2880 6
335 2803 367 2861 A
389 2791 472 2881 πρὸς
489 2790 551 2880 τήν
565 2801 604 2882 Β,
628 2792 733 2875 οὕτως
752 2792 770 2863 6
786 2802 849 2863 ΕΖ
872 2795 1016 2884 ἀριθμὸς
1034 2797 1120 2886 πρὸς

104 2900 164 2970 τὸν
188 2908 235 2988 Η,
262 2901 317 2968 καὶ
341 2905 490 2969 ἔστωσαν
519 2899 685 2987 ἐλάχιστοι
712 2903 779 2968 των
801 2899 861 2970 τὸν
885 2899 988 2972 αὐτὸν
1013 2905 1118 2989 λόγον

52 3031 87 3081 25
106 3007 252 3095 ἑχόντων
271 3005 385 3087 αὐτοῖς
404 3009 439 3076 ολ
455 3014 528 3094 ΕΖ,
547 3013 593 3074 Η·
618 3009 654 3074 ολ
670 3013 742 3093 ΕΖ,
761 3014 801 3074 Η
815 3004 880 3094 ἄρα
894 3012 1020 3096 πρῶτοι
1034 3010 1118 3097 πρὸς

177 3264 201 3312 1.
222 3256 380 3311 συντεθῶσι
398 3254 487 3311 PFV.
547 3260 573 3308 2.
592 3249 621 3326 6]
641 3270 695 3309 om.
715 3254 747 3325 Β,
766 3254 816 3309 καλ
833 3250 849 3309 6
868 3255 929 3311 FV.
984 3261 1008 3310 δ.
1030 3252 1117 3326 ἐστιν]

106 3342 195 3397 comp.
215 3328 268 3395 Pb,
289 3323 347 3382 ἐστι
364 3326 453 3382 PBV.
520 3326 555 3396 Θ]
576 3341 591 3380 e
610 3341 679 3380 corr.
699 3326 729 3382 B.
803 3331 828 3382 4.
849 3330 880 3380 H
895 3320 1019 3396 ἀριθμοί
1034 3326 1117 3383 BFb.

129 3404 154 3452 6,
176 3392 294 3473 οὕτως]
311 3416 364 3456 om.
385 3397 417 3455 P.
491 3395 548 3454 εἰσί
563 3390 653 3466 va,
677 3413 766 3467 comp.
786 3395 815 3451 Ε.
888 3397 952 3468 καί]
973 3398 1026 3451 καί
1041 3394 1119 3453 ἐστιν

75 3466 166 3526 BFb·
250 3479 272 3530 7.
293 3493 350 3546 μετ
368 3479 404 3532 εἴ
416 3470 447 3546 F,
468 3489 540 3531 corr.
560 3488 599 3527 m.
616 3475 651 3538 (λς
671 3460 707 3524 διν
729 3463 924 3539 mamm
939 3467 1002 3522 edd*
1076 3475 1117 3524 10.

64 3536 245 3619 διπλάσιος]
261 3544 427 3616 δικλαοιός
443 3544 524 3607 ἔστιν
544 3544 581 3620 Ε,
600 3543 760 3602 διπλασίων
781 3535 855 3596 δοτλυ
867 3535 931 3589 wo.
995 3541 1043 3588 n.
1057 3532 1134 3605 δειλὴ
