2414 3832
126 184 192 249 338
512 185 713 239 ΣΤΟΙΧΕῙΩΝ
731 181 759 240 ι’.

126 326 317 413 σύμμετρον
346 327 386 392 δέ
411 327 480 393 ἐστι
502 323 540 393 τὸ
564 323 630 393 ἀπὸ
653 327 712 412 τῆς
734 333 800 394 ΒΕ
820 329 866 417 τῷ
889 324 955 395 νἰπο
979 338 1041 414 τῆς
1065 337 1151 396 ΔΖ·

126 430 317 519 σύμμετρον
340 429 407 519 ἄρα
429 432 485 498 καὶ
508 429 545 499 τὸ
571 436 790 518 συγκείμενον
818 433 856 500 ἐκ
881 436 950 501 τών
978 431 1046 502 ἀπὸ
1076 432 1148 503 τών

126 543 204 622 ΑΕ,
224 543 287 604 ΕΒ
310 539 527 624 τετραγώνων
544 541 589 629 τῷ
610 539 815 630 συγκειμένῳ
834 540 870 606 ἐκ
891 542 960 607 τών
981 536 1050 608 ἀπὸ
1076 545 1149 609 τῶν

125 648 198 729 ΓΖ,
222 651 290 711 ΖΔ
311 642 539 729 τετραγώνων.
581 641 684 731 ῥυτὸν
707 645 747 712 δέ
768 647 837 713 ἐστι
859 644 897 714 τὸ
920 652 1147 734 συγκείμενον

91 750 162 821 σίκ
190 760 258 819 τών
285 746 352 817 ἀπὸ
380 753 448 817 τών
476 756 558 834 ΑΕ,
582 755 645 817 ΕΒ
672 749 909 837 τετραγώνων·
944 753 1051 840 ῥητὸν
1079 751 1145 841 ἄρα

125 855 194 923 ἐστὶ
228 856 285 923 καὶ
316 854 354 924 τὸ
383 861 602 943 συγκείμενον
630 858 666 924 ἐκ
692 860 761 924 τών
788 850 860 925 ἀπὸ
881 861 949 926 τών
972 863 1052 943 ΓΖ,
1077 866 1143 926 ΖΔ

124 961 352 1049 τετραγώνων.
398 961 514 1049 πάλιν,
545 964 618 1030 ἐπεί
643 963 734 1030 ἐστιν
763 960 808 1044 ὡς
833 967 871 1032 τὸ
900 961 965 1033 ἀπὸ
993 967 1055 1051 τῆς
1077 972 1146 1033 ΑΕ

123 1067 206 1154 πρὸς
235 1066 273 1136 τὸ
300 1065 365 1135 ὑπο
394 1076 462 1136 τών
486 1075 568 1154 ΑΕ,
592 1074 672 1154 ΕΒ,
706 1064 813 1148 οὕτως
839 1066 877 1137 τὸ
905 1066 970 1138 ἀπὸ
998 1074 1061 1156 τῆς
1082 1076 1143 1138 ΓΖ

123 1171 209 1258 πρὸς
231 1170 269 1239 τὸ
293 1169 359 1238 ὑπὸ
387 1181 455 1238 τών
474 1178 545 1259 ΓΖ,
566 1180 644 1259 ΖΔ,
668 1172 858 1261 σύμμετρον
881 1173 919 1242 δὲ
941 1174 979 1243 τὸ
1000 1172 1068 1245 ἀπὸ
1086 1180 1144 1263 τῆς

73 1302 107 1351 ιο
125 1285 195 1345 ΑΕ
223 1276 434 1364 τετράγωνον
462 1281 508 1368 τῷ
540 1275 605 1347 ἀπὸ
636 1282 694 1365 τῆς
721 1285 782 1347 ΓΖ
813 1279 1027 1372 τετραγώνῳ,
1063 1281 1142 1369 σύμ-

124 1409 246 1472 μετρον
265 1381 332 1470 ἄρα
355 1384 424 1452 ἐστὶ
446 1384 558 1453 καὶτὸ
578 1382 644 1453 ὑπὸ
664 1388 732 1454 τών
746 1392 824 1473 ΑΕ,
840 1392 902 1454 ΕΒ
921 1390 967 1478 τῷ
986 1384 1055 1456 ὑπὸ
1075 1392 1143 1457 τῶν

123 1495 199 1576 ΓΖ,
224 1497 299 1557 ΖΛ.
350 1491 453 1578 μέσον
487 1490 525 1559 δὲ
556 1490 594 1559 τὸ
627 1488 694 1559 ὑπὸ
722 1501 791 1560 τών
818 1500 900 1578 ΑΕ,
923 1500 1000 1560 ΕΒ
1038 1495 1144 1580 μέσον

124 1594 190 1686 ἅμα
212 1595 328 1665 καὶτὸ
353 1595 418 1666 ὑπὸ
446 1609 515 1666 τών
538 1602 610 1684 ΓΖ,
634 1604 713 1665 ΖΔ·
750 1600 788 1663 αί
809 1604 885 1685 ΓΖ,
910 1605 977 1665 ΖΔ
1000 1596 1070 1687 ἄρα
1089 1604 1143 1668 δυ·

123 1702 223 1791 νάμει
251 1703 338 1771 εἰσὶν
367 1701 572 1793 ἀσύμμετροι
594 1713 751 1772 ποιοῦσαι
773 1702 811 1772 τὸ
836 1703 897 1790 μὲν
920 1711 1145 1793 συγκείμενον

73 1832 106 1880 15
126 1809 247 1876 ἐκτῶν
266 1804 323 1876 ἄπ’
345 1806 458 1877 αὐτῶν
475 1808 694 1898 τετραγώνων
709 1808 823 1897 ῥητόν,
841 1807 880 1878 τὸ
900 1807 932 1877 δ’
953 1807 1011 1878 ὑπ’
1029 1808 1144 1882 αὐτῶν

123 1914 236 2000 μέσον.

187 2017 357 2087 Ἐλάσσων
381 2016 447 2106 ἄρα
470 2017 561 2085 ἐστὶν
584 2016 604 2104 ἡ
628 2025 703 2086 ΓΔ·
729 2020 809 2110 ὅπερ
833 2025 900 2089 ἔδει
924 2023 1040 2102 δεῖξαι.

599 2194 664 2282 ρς’.

193 2315 240 2385 Ἡ
267 2322 311 2407 τῇ
345 2317 441 2405 μετὰ
474 2320 596 2406 ῥητοῦ
624 2321 747 2407 μέσον
774 2318 818 2388 τό
847 2318 940 2388 ὅλον
967 2323 1142 2416 ποιούσῃ

69 2449 103 2498 20
123 2425 346 2515 σύμμετρος
369 2423 462 2512 μετὰ
487 2428 608 2513 ῥητοῦ
632 2426 754 2513 μέσον
776 2425 818 2495 τό
844 2423 939 2495 ὅλον
963 2433 1141 2500 ποιοῦσα

125 2534 248 2601 ἐστιν.
919 2524 924 2533 ¹

102 2672 105 2679 ·
181 2635 289 2705 Ἔστω
318 2641 398 2726 μετὰ
427 2640 532 2725 ῥητοῦ
559 2639 662 2725 μέσον
690 2637 728 2706 τὸ
753 2636 835 2706 ὅλον
858 2642 1002 2706 ποιοῦσα
1026 2637 1047 2727 ἡ
1072 2651 1140 2710 AB

122 2743 179 2811 καὶ
207 2747 246 2831 τῇ
270 2751 336 2812 ΑΒ
366 2744 553 2832 σύμμετρος
579 2739 600 2829 ἡ
624 2749 698 2810 ΓΔ·
736 2745 837 2830 λέγω,
868 2743 919 2812 ὅτι
945 2745 1002 2812 καὶ
1030 2744 1052 2833 ἡ
1077 2754 1140 2815 ΓΛ

122 2848 202 2937 μετὰ
228 2852 331 2937 ῥητοῦ
356 2851 460 2937 μέσον
483 2852 520 2916 τὸ
544 2845 626 2917 ὅλον
648 2848 792 2917 ποιοῦσά
817 2852 916 2918 ἐστιν.

69 2979 103 3028 25
184 2954 289 3023 Ἐστω
313 2953 377 3042 γὰρ
399 2958 440 3043 τῇ
463 2961 528 3022 ΑΒ
551 2953 829 3042 προσαρμόζουσα
852 2953 872 3042 ἡ
897 2963 972 3024 ΒΕ·
1004 2961 1043 3024 αἱ
1059 2968 1139 3046 ΑΕ,

123 3069 186 3131 ΕΒ
213 3060 280 3147 ’ἄρα
311 3060 452 3149 δυνάμει
481 3061 567 3130 εἰσὶν
595 3058 799 3147 ἀσύμμετροι
826 3065 984 3130 ποιοῦσαι
1010 3062 1050 3132 τό
1074 3064 1138 3153 μὲν

122 3174 341 3255 συγκείμενον
368 3170 404 3235 ἐκ
432 3171 499 3235 τών
528 3165 593 3235 ἀπὸ
622 3169 689 3235 τών
716 3175 748 3233 Α
755 3174 798 3251 Ε,
827 3174 890 3235 ΕΒ
917 3172 1137 3257 τετραγώνων

194 3385 218 3434 1.
239 3375 314 3434 ἐστιν
333 3380 364 3436 Ρ.
421 3378 466 3452 τό]
487 3397 555 3436 corr.
576 3396 609 3434 ex
628 3381 665 3453 τῷ
684 3396 720 3435 m.
737 3386 752 3435 1
772 3379 802 3446 Γ,
821 3397 855 3436 ex
872 3378 907 3435 τά
926 3383 961 3504 ρ)
980 3379 1013 3436 V.
1069 3385 1136 3455 ΔΖ]

112 3449 219 3506 ΖΔΡ.
296 3457 321 3509 3.
343 3445 524 3524 τετράγωνον
542 3452 590 3509 Pb
609 3453 640 3506 οἱ
656 3451 818 3519 commus.
834 3458 908 3505 ατί
1028 3458 1053 3509 4.
1074 3457 1135 3522 ΓΔ,

98 3524 160 3576 ΔΖ
179 3523 203 3580 b.
283 3529 308 3580 ὁ.
336 3521 429 3599 ῥηταί
444 3525 482 3594 F,
508 3524 560 3582 sed
579 3538 653 3579 οοεῐ.
725 3528 753 3576 Β.
776 3516 857 3586 ὲοτίΧ
876 3517 983 3572 eust.
1044 3523 1147 3588 mx
