2414 3832
365 165 640 218 unnuauroncm
657 167 766 218 amaa
783 168 816 219 n.
1032 164 1096 229 301

86 313 157 374 ΛΝ
184 309 386 374 irrationalis
414 312 464 373 est
487 329 561 373 eum
583 308 737 398 rationali
760 313 867 374 totum
890 309 1031 375 medium
1055 309 1098 375 ef-

83 416 205 497 ficiens,
229 436 309 498 quae
332 417 468 479 uocatur
492 417 597 499 [prop.
612 413 791 495 LXXVII}
820 418 853 479 ct
872 419 945 480 AN
948 413 1098 481 2επΑΒ.

151 521 240 604 Ergo
259 525 348 586 reeta
367 520 474 604 spatio
489 525 553 585 AB
574 521 719 605 aequalis
739 520 898 606 quadrata
916 525 1005 586 reeta
1024 542 1098 586 cum

84 628 240 693 rationali
267 631 375 693 totum
403 626 544 692 medium
572 626 715 691 efficiens
747 631 811 710 est3
844 627 929 711 quod
953 632 1022 692 erat
1046 626 1098 692 de-

84 734 341 800 monstrandum.

432 891 437 897 ,
534 820 650 888 XCVI.

152 945 186 1012 Si
209 947 353 1030 spatium
376 949 466 1011 recta
489 946 642 1010 rationali
667 948 700 1010 et
723 948 814 1011 sexta
838 948 990 1028 apotome
1015 965 1098 1008 com·

83 1053 308 1138 prehenditur,
335 1055 424 1117 recta
453 1052 558 1136 spatio
588 1052 733 1136 aequalis
758 1051 916 1136 quadrata
938 1053 1027 1115 recta
1050 1053 1100 1116 est

83 1182 158 1224 cum
181 1159 288 1224 medio
311 1162 418 1224 totum
442 1159 583 1223 medium
607 1158 761 1223 efficiens.

153 1264 302 1349 Spatium
326 1266 412 1331 enim
432 1269 497 1329 AB
519 1265 673 1330 rationali
691 1267 760 1329 ΑΓ
780 1267 813 1327 et
836 1266 929 1328 sexta
948 1266 1099 1346 apotome

87 1379 119 1436 A
125 1377 158 1434 Δ
174 1370 475 1455 comprehendatur.
500 1371 580 1454 dico,
594 1375 718 1435 rectam
734 1370 838 1454 spatio
854 1374 919 1434 AB
933 1370 1099 1454 aequalem

86 1477 280 1560 quadratam
310 1478 436 1542 rectam
469 1497 539 1542 esse
575 1498 649 1542 eum
680 1477 786 1542 medio
819 1479 926 1542 totum
958 1477 1100 1541 medium

86 1582 290 1648 efficientem.
392 1569 394 1572 Α

153 1711 230 1754 nam
259 1693 334 1753 ΔΗ
355 1692 462 1753 rectae
486 1693 558 1753 ΑΛ
585 1709 766 1774 congruens
791 1690 842 1755 sit.
888 1689 998 1774 itaque
1020 1692 1099 1770 AH,

87 1800 127 1860 H
129 1802 161 1859 A
180 1795 357 1860 rationales
376 1797 453 1860 sunt
469 1795 618 1879 potentia
635 1798 765 1859 tantum
784 1795 1100 1879 commensurabiles,

87 1924 109 1972 A
237 1923 263 1970 Δ
381 1917 406 1968 Ε
443 1918 510 1969 ΖΗ
540 1905 573 1967 et
590 1904 707 1966 neutra
726 1923 838 1966 earum
855 1902 1010 1966 rationali
1028 1924 1100 1986 pro-

386 1997 390 2191 ,
539 2008 665 2093 positae
693 2013 725 2070 A
732 2010 764 2071 Γ
786 2007 987 2093 longitudine
1015 2030 1119 2073 com.

539 2113 766 2180 mensurabilis
795 2118 856 2199 est,
889 2118 960 2179 tota
992 2119 1100 2179 autem

97 2207 122 2253 Γ
232 2207 253 2255 B
378 2202 402 2254 Θ
439 2205 501 2254 JK
540 2225 612 2285 ΑΗ
617 2223 849 2304 congruentem
861 2224 934 2286 AH
943 2222 1100 2305 quadrata

447 2412 449 2416 Α
540 2326 665 2391 excedit
698 2326 855 2410 quadrato
892 2331 999 2392 rectae
1037 2329 1100 2393 sibi

147 2327 177 2382 A
315 2324 340 2376 N
419 2329 441 2379 0

329 2386 422 2564 W
539 2432 741 2518 longitudine
762 2432 1100 2498 incommensurabilis

147 2542 171 2592 Σ
334 2577 377 2620 rr:
428 2530 459 2594 Ξ
541 2539 631 2621 [deff.
655 2543 728 2605 tert.
753 2541 801 2620 6].
851 2540 917 2603 iam
946 2539 1100 2622 quoniam

540 2642 624 2710 ΑΗ2
657 2646 781 2711 excedit
813 2642 905 2709 HA²
942 2646 1100 2730 quadrato

337 2807 361 2856 T
538 2755 646 2816 rectae
676 2752 739 2817 sibi
761 2752 1099 2817 incommensurabilis

149 2848 175 2900 Ρ
427 2837 460 2891 M
539 2857 752 2942 longitudine,
776 2859 804 2922 si
827 2854 943 2941 {All2
966 2858 1099 2940 aequale

86 2968 194 3029 rectae
209 2967 282 3026 AH
292 2962 473 3047 adplicatur
488 2964 631 3046 spatium
645 2964 751 3048 figura
766 2964 924 3048 quadrata
939 2964 1100 3048 deficiens,

86 3071 121 3134 in
134 3073 244 3153 partes
258 3071 599 3135 incommensurabiles
614 3091 686 3138 eam
701 3070 824 3136 diuidet
844 3073 948 3155 [prop.
963 3069 1100 3150 XVIII].
1194 3091 1199 3099 ·

88 3179 166 3240 ΔΗ
189 3175 290 3261 igitur
317 3175 351 3240 in
377 3179 496 3260 puncto
522 3181 553 3241 E
578 3178 613 3241 in
638 3176 717 3242 duas
741 3180 851 3260 partes
876 3178 1027 3260 aequales
1052 3197 1100 3240 ee·

88 3285 187 3365 cetur,
211 3286 243 3380 et
266 3282 423 3366 quadrato
442 3281 525 3347 ΕΗ2
550 3283 683 3367 aequale
707 3286 814 3347 rectae
833 3286 905 3346 ΑΗ
920 3282 1101 3367 adplicetur

89 3434 263 3510 βαλλόμενον
277 3439 307 3509 F,
326 3436 550 3514 παραβάλλωμεν
565 3439 627 3498 Vb.
681 3447 729 3498 Ὦ.
748 3440 893 3510 oppetunt
906 3431 1023 3495 omffi
1076 3429 1146 3494 13³³&

86 3504 119 3562 τό
136 3508 167 3562 F.
237 3515 279 3565 23.
298 3511 375 3583 ἴσον]
393 3527 449 3570 om.
469 3512 503 3570 V.
582 3515 646 3572 laer
670 3509 807 3572 talamos
824 3510 868 3565 Ἴ.
