2414 3832
361 162 637 216 mnunuroauu
655 164 765 216 amaa
782 167 816 216 x.
1032 163 1097 230 223

78 305 189 390 spatio
208 305 353 388 aequalis
368 307 527 390 quadrata
540 310 630 371 reeta
645 310 695 372 est
708 307 833 373 duobus
848 309 964 391 spatiis
984 310 1098 376 mediis

79 411 229 496 aequalis
243 411 402 496 quadrata
423 415 527 497 [prop.
540 412 640 494 LIX].
678 436 777 498 quare
795 417 885 479 reeta
904 416 1011 500 spatio
1026 422 1059 481 A
1065 423 1098 482 A

79 518 227 604 aequalis
251 518 409 603 quadrata
427 523 518 585 reeta
537 519 663 585 duobus
683 519 798 604 spatiis
817 520 932 586 mediis
951 523 1097 605 aequalis

79 624 241 709 quadrata
264 633 322 690 est.

147 729 238 818 Ergo
271 732 396 797 duobus
432 733 548 817 spatiis
580 732 695 798 mediis
728 733 791 799 sibi
823 735 1096 799 incommensura-

78 837 201 903 bilibus
225 838 415 922 compositis
438 839 581 922 reliquae
604 839 685 904 duae
708 841 917 906 irrationales
940 842 1098 927 oriuntur,

79 947 138 1010 ant
159 947 248 1009 reeta
267 965 305 1008 ex
324 944 449 1009 duabus
467 944 582 1010 mediis
602 946 743 1011 secunda
760 951 817 1012 aut
835 948 960 1013 duobus
980 947 1097 1031 spatiis

78 1050 196 1116 mediis
220 1050 363 1135 aequalis
387 1050 555 1134 quadrata.

147 1264 250 1330 Reota
278 1285 317 1329 ex
339 1265 465 1331 dnobus
488 1267 677 1332 nominibus
706 1271 738 1332 et
761 1268 969 1335 irrationales
994 1268 1034 1333 ab
1058 1288 1097 1332 ea

79 1371 247 1438 deriuatae
275 1393 379 1456 neque
407 1372 531 1437 mediae
558 1394 663 1457 neque
690 1373 776 1438 inter
799 1395 834 1438 ae
858 1375 988 1440 eaedem
1011 1377 1097 1439 sunt.

78 1499 156 1543 nam
190 1478 384 1562 quadratum
412 1477 538 1543 mediae
569 1482 678 1543 reatae
710 1480 865 1546 rationali
898 1481 1096 1564 adplicatum

77 1583 286 1650 latitudinem
305 1583 406 1648 efficit
424 1584 620 1649 rationalem
639 1588 672 1649 et
691 1589 807 1670 rectae,
828 1587 879 1650 oui
898 1585 1095 1668 adplicatum

80 1693 139 1775 eat,
155 1690 361 1776 longitudine
374 1691 735 1757 incommensurabilem
752 1694 856 1777 [prop.
869 1690 989 1773 XXIIJ.
1020 1712 1093 1774 qua·

78 1796 210 1862 (iratum
238 1801 347 1862 autem
374 1800 481 1863 reatae
511 1818 549 1862 ex
573 1797 697 1863 duobus
725 1799 912 1865 nominibus
941 1797 1096 1863 rationali

80 1903 279 1989 adplicatum
306 1904 511 1971 latitudinem
539 1904 639 1970 efficit
665 1908 790 1971 rectam
819 1926 857 1970 ex
885 1905 1010 1971 duobus
1038 1926 1095 1969 no·

79 2011 221 2076 minibus
240 2011 380 2095 primam
406 2013 511 2096 [prop.
526 2011 609 2094 LX].
646 2012 840 2097 quadratum
859 2016 969 2078 autem
987 2015 1094 2077 reatae

78 2139 117 2184 ex
141 2117 268 2183 duabus
291 2117 408 2182 mediis
431 2118 555 2201 primae
577 2117 734 2184 rationali
761 2118 960 2202 adplicatum
984 2119 1095 2184 latitu-

78 2225 186 2290 dinem
214 2224 314 2290 effieit
341 2226 465 2289 rectam
493 2245 532 2288 ex
560 2224 684 2290 duobus
706 2225 894 2292 nominibus
922 2225 1096 2292 secundam

80 2334 185 2417 [prop.
199 2329 298 2413 LXI].
332 2330 526 2415 quadratum
542 2334 651 2395 autem
665 2335 773 2396 rectae
788 2353 827 2396 ex
841 2333 966 2399 duabus
979 2333 1095 2398 mediis

79 2437 237 2504 secundae
251 2437 406 2503 rationali
421 2436 619 2522 adplicatum
633 2438 839 2503 latitudinem
859 2438 958 2504 efficit
972 2419 1095 2503 rectam

80 2566 118 2610 ex
132 2544 259 2610 duobus
277 2543 465 2609 nominibus
485 2544 615 2609 tertiam
636 2546 741 2629 [prop.
755 2543 871 2624 LXII].
899 2544 1094 2629 quadratum

80 2655 187 2717 autem
211 2650 343 2716 maioris
367 2650 520 2716 rationali
544 2650 741 2734 adplicatum
765 2649 972 2716 latitudinem
994 2651 1095 2717 efficit

79 2761 202 2823 reetam
229 2779 269 2822 ex
295 2756 421 2821 duobus
448 2756 635 2822 nominibus
659 2759 810 2841 quartam
834 2759 938 2842 [prop.
961 2755 1095 2837 LXIII}

79 2864 272 2947 quadratum
296 2866 403 2930 autem
426 2866 533 2928 reatae
557 2863 664 2947 spatio
688 2863 841 2929 rationali
864 2866 897 2927 et
919 2862 1025 2928 medio
1046 2884 1096 2927 ae·

80 2971 186 3055 qualis
201 2971 378 3056 quadratae
391 2970 546 3036 rationali
561 2969 758 3054 adplicatum
773 2969 980 3035 latitudinem
995 2969 1097 3034 efficit

78 3082 201 3144 rectam
228 3100 268 3142 ex
295 3078 420 3143 duobus
447 3076 633 3142 nominibus
662 3076 809 3161 quintam
834 3078 940 3161 [prop.
962 3073 1096 3159 LXIV}

78 3305 130 3377 τήν
148 3308 183 3365 V.
255 3302 307 3380 ἦν]
334 3324 403 3362 corr.
424 3325 457 3362 ex
475 3296 506 3374 ἦι
528 3306 560 3362 F.
634 3311 675 3359 13.
699 3301 750 3375 δέ]
775 3299 804 3356 ‹l'
828 3302 858 3359 P.
931 3301 1093 3372 παραβαλό-

79 3397 165 3448 μενον
184 3378 214 3436 Ρ.
271 3384 312 3435 15.
331 3375 363 3433 τὸ
383 3377 415 3434 δέ
436 3409 469 3418 -
491 3383 532 3431 19.
550 3376 657 3446 τρίτην]
677 3393 733 3443 mg.
753 3393 789 3430 m.
809 3380 824 3428 2
844 3373 877 3429 V.
939 3379 980 3429 16.
999 3375 1093 3446 ποιεῖ]

79 3451 185 3506 oar.
251 3456 290 3505 ιτ.
309 3449 355 3521 aa]
375 3445 403 3504 s’
424 3449 455 3506 P.
520 3453 563 3502 19.
583 3446 628 3519 se]
648 3441 676 3501 e’
697 3444 727 3500 P.
788 3452 833 3502 21.
850 3442 903 3518 eq
918 3442 1003 3501 e’e.
1052 3452 1108 3498 us.

79 3518 129 3592 τό]
149 3538 245 3576 eoorr.
263 3522 293 3577 V.
345 3519 397 3595 δέ]
416 3516 446 3577 δ’
460 3519 492 3579 Ρ.
544 3527 588 3578 24.
608 3515 736 3594 aloiaosl
755 3538 830 3579 eurr.
844 3537 883 3577 er
893 3513 1130 3578 nursam-st·

1193 3642 1206 3745 l
