2414 3832
127 172 192 237 340
512 172 713 225 Σεοωιωιιεα
731 169 759 226 ι’.

127 315 245 400 μέσον,
277 311 315 380 τὸ
345 309 376 380 δ’
402 308 458 380 ὑπ’
485 308 597 381 αὐτῶν
625 312 738 401 ῥητόν.
782 313 838 380 καὶ
864 310 905 380 τά
937 310 1024 382 αὐτά
1052 339 1145 383 κατε-

127 417 316 486 σκευάσθω.
353 416 477 506 ὁμοίως
500 417 541 505 δὴ
567 421 718 505 δείξομεν
740 431 812 498 τοῖς
833 419 1008 507 πρότερον,
1031 417 1088 488 ὅτι
1112 423 1150 488 αλ

127 531 204 612 ΓΖ,
229 532 296 592 ΖΔ
323 525 360 593 έν
382 529 428 616 τῷ
453 523 542 616 αὐτῷ
567 525 657 614 λόγῳ
688 525 753 592 εἰσὶ
779 538 851 606 ταῖς
873 532 954 611 ΛΕ,
977 532 1059 612 ΕΒ,
1088 528 1145 595 καὶ

127 629 318 728 σύμμετρόν
342 633 410 699 έστι
433 629 471 698 τὸ
495 635 714 718 συγκείμενον
738 633 774 699 ἐκ
796 635 865 701 τών
888 629 953 700 άπὸ
976 636 1046 701 τών
1066 640 1145 720 ΑΕ,

92 760 108 808 ο
127 745 191 805 ΕΒ
209 735 427 824 τετραγώνων
449 741 495 829 τῷ
519 738 726 828 συγκειμένῳ
750 740 786 806 έκ
807 749 877 806 τών
896 734 963 806 άπὸ
981 741 1052 806 τών
1072 746 1144 826 ΓΖ,

127 850 195 910 ΖΔ
223 843 457 931 τετραγώνων,
485 840 522 911 τὸ
553 841 590 910 δέ
617 839 682 911 ὑπὸ
709 854 778 912 τών
804 851 887 930 ΛΕ,
909 852 972 912 ΕΒ
1001 847 1047 937 τῷ
1078 841 1143 913 ὑπὸ

126 952 195 1019 τών
218 956 294 1036 ΓΖ,
319 957 398 1017 ΖΔ·
435 947 518 1018 ώστε
545 954 600 1017 καὶ
629 953 667 1016 αί
687 956 763 1037 ΓΖ,
787 958 855 1017 ΖΔ
882 949 1026 1036 δυνάμει
1057 951 1145 1019 είσλν

127 1053 333 1145 ἀσύμμετροι
356 1059 514 1123 ποιοῦσαι
536 1054 575 1122 τὸ
599 1055 660 1141 μέν
684 1062 904 1144 συγκείμενον
928 1058 964 1125 ἐκ
985 1060 1057 1125 τών
1079 1055 1144 1126 άπὸ

126 1165 194 1228 τών
222 1167 299 1247 ΓΖ,
325 1169 391 1227 ΖΛ
421 1160 640 1247 τετραγώνων
673 1163 792 1249 μέσον,
823 1161 862 1231 τὸ
891 1158 923 1230 δ’
948 1158 1007 1229 ὑπ’
1030 1161 1146 1232 αὐτών

75 1289 108 1338 10
127 1266 240 1352 ῥητόν.

198 1367 243 1437 Ἡ
268 1376 330 1438 ΓΔ
357 1370 422 1459 άρα
450 1371 530 1460 μετὰ
560 1374 666 1461 ῥητοῦ
693 1374 798 1460 μέσον
825 1371 862 1442 τὸ
892 1371 973 1442 ὅλον
998 1374 1145 1443 ποιοῦσά

128 1477 231 1544 ἐστιν·
260 1475 341 1567 ὅπερ
361 1483 430 1546 ἔδει
453 1480 566 1560 δείξαι,

606 1654 665 1740 o?-

196 1776 242 1845 ‘H
265 1790 308 1867 τῇ
338 1777 431 1866 μετὰ
459 1779 581 1865 μέσου
611 1779 735 1864 μέσον
767 1776 808 1846 τὸ
842 1776 936 1847 ὅλον
968 1782 1146 1872 ποιούσῃ

76 1908 109 1957 15
129 1882 354 1972 σύμμετρος
376 1884 441 1969 καὶ
464 1881 562 1970 αὐτὴ
586 1882 679 1970 μετὰ
704 1886 825 1970 μέσου
844 1885 965 1972 μέσον
983 1884 1027 1954 τὸ
1048 1885 1147 1957 ὅλον

127 1989 300 2057 ποιοῦσά
325 1991 442 2058 έστιν.

191 2095 304 2178 ξἘστω
328 2098 408 2183 μετὰ
430 2098 533 2182 μέσον
557 2097 660 2182 μέσον
683 2094 722 2164 τὸ
746 2095 827 2165 ὅλον
850 2101 995 2165 ποιοῦσα
1021 2095 1043 2184 ἡ
1068 2107 1147 2186 ΑΒ,

127 2201 183 2268 καὶ
206 2204 244 2288 τῇ
271 2209 337 2268 ΑΒ
365 2206 447 2269 ἔστω
472 2205 658 2292 σύμμετρος
679 2200 700 2289 ἡ
726 2208 801 2270 ΓΛ·
838 2204 938 2289 λέγω,
968 2200 1021 2270 ὅτι
1043 2206 1145 2292 καὶὴ

128 2312 191 2374 ΓΛ
214 2306 295 2393 μετὰ
318 2309 422 2394 μέσον
446 2311 549 2394 μέσον
571 2306 609 2377 τὸ
634 2309 715 2376 ὅλον
738 2311 883 2377 ποιοῦσά
905 2311 1004 2378 ἐστιν.

37 2408 46 2425 ’
76 2438 110 2486 20
196 2411 306 2484 Ἔστω
330 2414 395 2503 γὰρ
418 2418 457 2504 τῇ
480 2423 546 2482 ΑΒ
569 2416 848 2503 προσαρμόζουσα
870 2412 891 2502 ἡ
914 2422 994 2500 ΒΕ,
1026 2417 1147 2485 καὶτὰ

128 2517 212 2586 αὐτὰ
237 2519 506 2589 κατεσκευάσθω·
545 2524 583 2587 αί
603 2529 682 2608 ΑΕ,
705 2528 770 2588 ἘΒ
797 2519 863 2610 ἄρα
886 2518 1030 2607 δυνάμει
1058 2525 1146 2592 είσὶν

128 2621 336 2713 ἀσύμμετροι
358 2632 516 2696 ποιοῦσαι
543 2626 641 2695 τότε
667 2632 886 2715 συγκείμενον
919 2629 955 2694 έκ
985 2637 1056 2695 τῶν
1085 2627 1145 2697 ἄπ’

129 2729 242 2799 αὐτῶν
275 2732 493 2821 τετραγώνων
525 2733 629 2818 μέσον
661 2733 717 2799 καὶ
750 2731 787 2801 τδ
816 2729 872 2800 ὑπ’
900 2731 1013 2801 αὐτῶν
1042 2735 1147 2822 μέσον

128 2837 185 2904 καὶ
208 2842 256 2905 ἔτι
280 2836 493 2927 ἀσύμμετρον
515 2865 553 2906 το
574 2844 794 2925 συγκείμενον
813 2840 848 2906 ἐκ
866 2841 935 2906 τών
954 2834 1012 2905 ἄπ’
1033 2838 1147 2910 αὐτῶν

130 3051 168 3116 αί
188 3057 220 3115 Α
227 3056 265 3135 Ε,
292 3056 354 3116 ΕΒ
378 3049 559 3138 σύμμετροι
582 3063 654 3129 ταῖς
675 3056 748 3136 ΓΖ,
772 3057 853 3137 ΖΔ,
877 3050 933 3117 καὶ
955 3048 993 3117 τδ
1017 3059 1148 3138 συγκεί-

130 3180 232 3240 μενον
256 3157 292 3223 έκ
314 3159 381 3224 τών
404 3153 470 3224 άπὸ
494 3159 563 3225 τών
582 3164 659 3242 ΛΕ,
679 3161 742 3224 ΕΒ
764 3154 983 3245 τετραγώνων
1001 3161 1048 3250 τῷ
1068 3179 1147 3247 συγ-

201 3373 226 3424 3.
250 3368 305 3441 τῷ]
331 3384 434 3424 eoorr.
455 3367 488 3424 V.
562 3365 632 3423 είσίν
656 3368 686 3423 Β.
760 3375 785 3422 4.
808 3363 857 3439 τό]
882 3365 914 3422 τὸ
934 3366 986 3439 μέν
1005 3369 1067 3438 Bb,
1094 3369 1147 3441 μέν

120 3452 209 3506 ευμεν
228 3455 281 3497 εον.
301 3458 341 3525 ιμ.
362 3438 428 3525 λιΓ.
492 3443 518 3496 5.
536 3438 592 3494 τών
616 3443 717 3494 ΓΖ-
735 3445 763 3496 ο.
783 3438 896 3524 ΕΒλαρ
918 3479 924 3491 .
943 3457 980 3495 m.
1000 3445 1016 3494 2
1037 3441 1059 3495 Β
1077 3442 1146 3563 μῶν

108 3511 175 3578 AE,
196 3513 256 3567 ΕΒ
276 3515 368 3571 σίτοιο
387 3532 421 3570 1n
440 3513 614 3572 textusunk
632 3512 766 3579 αωῆ.
825 3509 887 3561 οδ
934 3508 970 3558 ο.
1017 3516 1067 3563 m.
1097 3530 1152 3578 m
