2414 3832
376 145 652 198 ELEMENTORUM
670 147 778 197 LIBER
796 147 829 198 X.
1092 144 1111 208 7

93 293 270 358 diuisiones
293 291 394 376 igitur
416 293 498 368 ΑΚ,
522 292 555 353 K
560 293 602 373 Θ,
624 293 686 354 ΘΒ
710 311 844 355 numero
869 290 1020 374 aequales
1045 289 1112 354 sint

93 397 310 464 diuisionibus
333 401 367 461 Δ
373 401 409 481 Ζ,
427 399 505 481 ZH,
525 399 602 461 ΗΕ.
625 399 658 460 et
676 397 831 480 quoniam
854 400 924 461 ΛΕ
935 406 971 471 >
985 402 1017 462 Α
1022 399 1060 480 Β,
1079 399 1112 462 et

93 528 114 571 a
137 509 208 569 ΛΕ
229 505 335 569 minus
359 526 456 588 quam
479 502 649 568 dimidium
673 503 875 569 subtractum
899 508 950 568 est
968 506 1046 588 ΕΗ,
1069 503 1111 568 ab

94 616 159 677 ΑΒ
183 615 292 675 autem
314 611 390 694 plus
413 633 508 692 quam
531 609 700 675 dimidium
722 612 797 692 ΒΘ,
821 610 883 674 erit
901 612 974 673 HA
987 620 1021 684 >
1037 613 1112 676 ΘΑ.

48 768 51 774 .
91 723 126 783 et
149 716 302 801 quoniam
325 718 365 779 H
365 721 399 780 Λ
411 727 446 791 >
461 720 535 801 ΘΑ,
558 719 591 780 et
613 716 654 780 ab
678 718 751 779 HA
773 714 942 780 dimidium
966 715 1111 781 subtrac-

91 827 165 888 tum
189 826 239 886 est
261 826 339 907 HZ,
363 845 382 886 a
404 826 470 887 ΘΑ
493 825 602 888 autem
625 822 699 906 plus
723 843 819 906 quam
842 819 1012 885 dimidium
1034 824 1110 905 ΘΚ,

91 929 156 992 erit
169 933 234 993 ΔΖ
248 940 283 1002 >
298 932 377 995 ΑΚ.
389 950 503 994 uerum
518 933 584 993 ΔΖ
600 959 642 982 =
656 929 692 994 Γ.
712 949 811 1012 quare
827 927 927 992 etiam
941 928 974 991 Γ
983 937 1018 1001 >
1033 930 1111 993 ΑΚ.

92 1038 366 1121 πμΑΚ<Π

160 1141 249 1227 Ergo
281 1164 319 1206 ex
350 1141 574 1226 magnitudine
602 1145 666 1207 AB
693 1141 888 1224 relinquitur
916 1139 1108 1225 magnitudo

93 1252 164 1313 ΑΚ
200 1249 307 1313 minor
338 1247 506 1332 proposita
537 1247 760 1333 magnitudine
793 1246 919 1311 minore
949 1248 991 1330 Γ,
1025 1245 1110 1330 quod

92 1359 164 1419 erat
187 1355 480 1420 demonstrandum.

162 1459 320 1523 Similiter
359 1464 467 1523 autem
499 1458 788 1542 demonstrabitur,
821 1458 920 1522 etiam
954 1460 996 1545 si,
1028 1481 1111 1544 quae

96 1563 342 1644 subtrahuntur,
368 1561 499 1625 dimidia
521 1566 605 1628 sunt.

579 1736 619 1804 Π.

162 1858 196 1924 si
220 1882 258 1925 ex
286 1861 410 1928 duabus
433 1862 711 1948 magnitudinibus
734 1864 960 1949 inaequalibus
984 1864 1110 1930 minore

94 1989 222 2051 semper
240 1967 387 2034 uicissim
407 1991 427 2033 a
445 1968 568 2035 maiore
585 1970 753 2036 subtracta
766 1971 929 2056 reliquum
943 1994 1111 2056 nunquam

92 2075 340 2159 praecedentem
365 2076 619 2162 magnitudinem
642 2076 785 2161 metitur,
809 2078 1048 2162 magnitudines
1063 2079 1110 2143 in-

92 2181 402 2248 commensurabiles
426 2184 530 2248 erunt.

159 2287 254 2352 Datis
288 2289 375 2352 enim
410 2287 534 2353 duabus
570 2289 848 2374 magnitudinibus
883 2291 1108 2377 inaequalibus

92 2400 124 2458 A
132 2399 168 2476 Β,
192 2397 259 2458 ΓΛ
282 2395 388 2459 minor
412 2393 456 2458 sit
473 2397 549 2478 ΑΒ,
573 2398 606 2459 et
628 2394 752 2460 minore
776 2418 902 2482 semper
924 2398 1070 2462 uicissim
1090 2421 1110 2463 a

199 2553 223 2605 Ε
440 2553 470 2603 H
705 2503 826 2568 maiore
845 2504 1013 2570 subtracta
1034 2505 1110 2569 reli-

163 2621 259 2656 1--1
376 2609 677 2659 A*-¹-*--1B
705 2629 803 2691 quum
815 2629 854 2672 ne
864 2630 1006 2694 unquam
1016 2633 1109 2694 prae·

205 2729 226 2778 z
705 2713 871 2778 cedentem
911 2715 1108 2800 magnitudi-

93 2784 432 2834 μ’μ’-’4
646 2784 678 2835 ’Δ
705 2840 780 2883 nem
810 2817 971 2884 metiatur.
1024 2821 1110 2906 dico,

92 2921 332 3009 magnitudines
356 2929 388 2987 A
396 2928 431 3007 B,
449 2927 516 2989 ΓΔ
538 2925 880 2992 incommensurabiles
904 2948 983 2992 csse.

160 3029 246 3095 Nam
276 3029 303 3092 si
331 3031 637 3097 commensurabiles
666 3036 754 3115 sunt,
784 3032 975 3116 magnitudo
1000 3033 1109 3118 aliqua

92 3159 148 3201 eas
171 3137 331 3201 metietur.
363 3136 525 3219 metiatur,
549 3138 577 3200 si
595 3137 666 3201 fieri
684 3141 801 3220 potest,
820 3140 853 3200 et
872 3137 915 3202 sit
934 3141 971 3202 E.
991 3142 1023 3203 et
1042 3143 1108 3204 AB

93 3242 349 3328 magnitudinem
370 3244 438 3304 ΖΛ
456 3243 591 3307 metiens
615 3264 649 3308 se
672 3244 745 3326 ipsa
767 3242 924 3308 minorem
944 3245 1108 3330 relinquat

947 3371 1109 3381 ———

92 3417 156 3487 ΖΔ]
178 3418 247 3471 mut.
267 3416 297 3470 in
316 3421 367 3471 ΓΔ
386 3435 422 3472 m.
442 3422 458 3470 2
478 3416 508 3484 Β,
527 3434 564 3470 m.
584 3431 638 3471 ree.
657 3416 686 3486 b3
705 3421 758 3472 ΔΖ
777 3434 875 3475 ecorr.
891 3418 951 3475 PV.
1027 3416 1108 3475 ἐλάσ-

93 3505 162 3542 σονα
182 3486 211 3557 Ρ,
231 3487 281 3542 sed
299 3507 318 3541 α
337 3488 391 3543 del.
