2414 3832
106 234 173 297 414
520 237 710 290 APPENDIX.

108 385 140 443 A
163 376 319 444 ἐπίπεδον
342 373 424 465 πρὸς
447 376 484 445 τὸ
509 373 574 444 ἀπὸ
598 378 656 462 τής
675 381 708 442 Γ
725 374 763 443 τὸ
784 373 902 461 ὅμοιον
920 375 976 441 καὶ
997 373 1120 462 ὁμοίως

107 479 401 570 ἀναγραφόμενον,
424 491 489 551 εἴτε
511 481 702 571 τετράγωνα
725 489 776 568 είή
795 479 835 549 τὰ
854 479 1120 569 ἀναγραφόμενα

107 596 172 657 είτε
200 590 294 677 έτερα
322 587 545 677 εὐθύγραμμα
577 589 678 677 ὅμοια
710 598 775 657 είτε
802 588 921 656 κύκλοι
947 588 1023 675 περὶ
1048 593 1120 656 δια-

106 695 246 782 μέτρους
268 693 327 774 τὰς
350 703 398 782 Α,
421 701 463 778 Γ,
491 698 622 784 ἐπείπερ
651 699 687 763 οί
706 694 824 764 πάυλοι
847 693 931 781 πρὸς
953 693 1122 781 ἀλλήλους

71 802 192 885 ςείσλν
217 799 261 882 ὡς
284 803 324 869 τά
347 800 412 870 ἀπὸ
437 806 506 871 των
525 804 713 890 διαμέτρων
731 801 932 890 τετράγωνα.
960 798 1120 888 εὕρηνται

106 907 172 993 ἀρα
203 909 260 976 καὶ
292 911 430 977 ἐπίπεδα
462 914 568 997 χωρία
595 907 788 997 ἀσύμμετρα
818 906 989 994 ἀλλήλοις·
1036 904 1118 993 ὅπερ

106 1018 174 1082 ἔδει
197 1018 310 1096 δείξαι.

173 1123 409 1207 Δεὸειγμένων
433 1120 475 1207 δή
498 1121 645 1189 καὶτῶν
669 1123 704 1189 έιι
728 1120 791 1188 δύο
815 1119 1023 1187 διαστάσεων
1047 1123 1118 1186 βια-

106 1227 224 1315 φόρων
242 1225 462 1315 ἀσυμμέτρων
480 1234 613 1316 χωρίων
631 1229 783 1314 δείξομεν
801 1240 870 1306 τοῖς
888 1224 953 1295 ἀπὸ
971 1231 1031 1313 τῆς
1048 1237 1119 1294 τῶν

53 1366 87 1414 10
106 1343 250 1421 στερεῶν
272 1340 430 1422 θεωρίας,
454 1333 499 1414 ὡς
521 1340 590 1404 ἔστι
612 1336 668 1403 καλ
687 1337 803 1422 στερεά
823 1333 994 1423 σύμμετρά
1011 1333 1120 1401 τεκαὶ

105 1437 300 1530 ἀσίμμετρα
322 1439 487 1528 ἀλλήλοις.
525 1439 585 1511 έάν
607 1440 672 1528 γάρ
696 1443 750 1510 ἐπὶ
772 1445 840 1511 τῶν
859 1441 924 1510 ἀπὸ
944 1452 1012 1510 τῶν
1031 1451 1074 1525 Α,
1089 1446 1119 1507 Β

104 1548 322 1635 τετραγώνων
345 1544 453 1635 ήτσὸν
473 1557 555 1616 ίσων
575 1545 688 1628 αὐτοῖς
706 1545 957 1637 εὐθυγράμμων
976 1547 1119 1634 ἀναστή-

105 1672 215 1740 σωμεν
243 1658 368 1741 ίσοῦψή
397 1655 513 1742 στερεά
539 1660 852 1742 παραλληλεπίπεδα
879 1650 900 1741 ή
928 1659 1120 1742 πυραμίδας

105 1755 125 1846 ή
150 1766 328 1848 πρίσματα,
352 1766 443 1828 ἔσται
462 1759 501 1827 τά
521 1760 755 1830 ἀνασταθέντα
772 1760 855 1849 πρὸς
874 1759 1001 1847 ἀλληλα
1019 1760 1064 1842 ὡς
1083 1764 1122 1828 αί

54 1894 86 1942 15
105 1865 228 1951 βάσεις.
272 1867 328 1934 καὶ
351 1871 383 1935 εί
404 1867 465 1954 μὲν
489 1867 674 1954 σύμμετροί
698 1872 784 1936 είσιν
812 1871 849 1936 αί
874 1867 1001 1954 βάσεις,
1035 1867 1120 1955 σύμ

104 1998 207 2060 μετρα
229 1978 321 2042 ἔσται
344 1975 400 2041 καὶ
424 1973 463 2042 τά
487 1974 619 2060 στερεά,
648 1979 678 2042 εί
705 1973 743 2042 δέ
766 1972 985 2062 ἀσύμμετροι,
1013 1971 1119 2061 ἀσάμ-

104 2104 215 2166 μετρα.
260 2077 341 2165 ὅπερ
365 2084 432 2147 ἔδει
456 2081 570 2161 δεῖξαι.

167 2181 264 2253 Ἀλλά
289 2183 355 2273 μὴν
378 2187 434 2253 καὶ
458 2186 520 2255 δύο
543 2188 677 2256 κύκλων
701 2187 810 2257 ὄντων
832 2193 901 2257 τῶν
928 2197 960 2255 Α
966 2240 976 2274 ,
1000 2196 1028 2255 Β
1059 2185 1120 2255 έάν

104 2289 161 2359 ἀπ’
174 2290 286 2361 αὐτῶν
302 2296 454 2374 ἰσοϋψεῖς
466 2290 629 2381 κωνουςή
644 2299 847 2382 κνλίνάρους
856 2294 1120 2384 ἀναγράψωμεν,

51 2425 86 2474 20
105 2403 237 2467 ἔσονται
260 2399 343 2487 πρὸς
366 2398 531 2485 ἀλλήλους
554 2397 598 2479 ὡς
622 2403 659 2467 αί
680 2399 803 2487 βάσεις,
826 2405 995 2471 τουτέστιν
1019 2401 1066 2484 ὦς
1086 2409 1124 2474 οί

104 2514 151 2591 Α,
174 2514 203 2573 Β
230 2505 356 2573 κύκλοι.
402 2505 457 2571 καὶ
481 2509 511 2573 εί
533 2505 594 2591 μὲν
617 2505 802 2595 σύμμετροί
822 2512 909 2576 εἰσιν
933 2512 967 2576 οί
986 2508 1120 2599 κύκλοι,

105 2610 285 2698 σύμμετροι
308 2615 442 2678 ἔσονται
465 2610 520 2677 καὶ
545 2613 581 2677 οἵ
600 2636 634 2678 τε
652 2621 758 2679 κῶνοι
775 2614 858 2701 πρὸς
876 2614 1041 2701 ἀλλήλους
1061 2619 1120 2685 καλ

178 2866 200 2914 1.
222 2856 371 2986 ἐπίπεδον)
391 2855 466 2920 εἶδος
484 2857 565 2912 BFb.
625 2859 685 2930 τῆς]
706 2875 759 2914 om.
779 2861 809 2916 P.
878 2862 946 2987 καίή
964 2881 993 2917 τε
1013 2867 1067 2919 καί
1083 2866 1117 2921 V.

132 2925 350 3000 λάναγεγραμμ
366 2948 416 2983 νον
426 2928 480 2998 BF,
490 2948 544 3000 mg.
554 2930 580 2984 b.
626 2925 924 3000 ἀναγεγραμμέναΒΡ
949 2975 954 2986 .
1012 2936 1117 3009 3.είτε]

104 3001 203 3071 (psius)
214 3003 269 3054 είτε
280 3002 332 3055 καί
339 3003 368 3055 Ρ.
386 3027 393 3039 1
415 3006 440 3055 4.
451 2997 515 3056 έπελ
523 2996 585 3070 γάρ,
595 3017 679 3069 supra
688 3018 738 3057 scr.
747 3021 801 3071 περ
811 3020 848 3056 m.
860 3009 873 3058 1
884 3003 914 3059 F.
929 3003 986 3074 Mg.
997 3003 1119 3078 μαθήσῃ

103 3072 186 3126 τοῦτο
206 3068 238 3126 ἐν
256 3071 294 3125 τῶ
313 3069 343 3143 β’
362 3071 413 3126 τοῦ
432 3071 472 3141 ιβ’
494 3067 524 3126 ἐν
543 3077 601 3133 τοῖς
620 3077 743 3140 στερεοῖς
760 3091 797 3130 m.
816 3090 870 3128 ree.
889 3075 920 3129 B.
999 3081 1024 3130 6.
1043 3070 1118 3148 ὅπερ

105 3140 164 3197 ἔδει
183 3125 288 3213 δεῖξαι]
308 3164 356 3196 ιω
375 3141 462 3209 Βλλλ),
486 3145 515 3197 et
533 3142 568 3206 P,
592 3142 641 3196 sed
660 3159 814 3212 suprascr.
833 3163 869 3199 m.
890 3151 904 3198 1
925 3160 1014 3214 comp.
1091 3154 1116 3203 8.

104 3209 168 3286 ρλβ’
188 3211 219 3265 Β.
281 3219 305 3267 9.
324 3215 433 3283 χωρίων
451 3209 636 3282 ἀσυμμέτρων
654 3213 685 3270 Β.
744 3215 814 3286 τοῖς]
835 3211 866 3269 ἐν
885 3221 943 3278 τοῖς
962 3216 1014 3272 Vb.
1073 3224 1116 3274 11.

103 3280 160 3336 ἀπὸ
180 3282 248 3353 τῶν]
269 3300 323 3338 om.
342 3285 372 3338 1⁴¹.
442 3289 484 3339 12.
504 3279 652 3351 ἀναστήσω
671 3283 705 3352 V,
724 3285 824 3340 deinde
843 3302 996 3356 suprascr.
1016 3284 1118 3353 αὐτοῖς

99 3372 137 3408 m.
154 3360 177 3408 1.
236 3360 278 3408 13,
298 3353 417 3426 ἰσουψῆ]
437 3353 460 3409 ί·
478 3353 508 3408 in
522 3371 575 3412 ras.
596 3355 709 3411 m.1B.
765 3355 869 3426 ἰσουψῆ
889 3353 989 3424 στερεά
1008 3365 1117 3428 παραλ·

85 3426 282 3500 λιγλεπάτεάα]
300 3445 358 3501 mg.
380 3425 414 3497 V,
432 3425 464 3484 in
482 3428 565 3485 textu
582 3425 637 3482 ἀεὶ.
657 3423 761 3497 ἰσουψῆ
777 3424 905 3496 γραμμὰς
921 3423 941 3497 ή
959 3433 1117 3498 παραλλήλ-

73 3497 216 3557 emeda.
255 3503 564 3576 παραλληλοεπίπεδα
580 3499 621 3573 λ,
638 3494 807 3569 παράλληλα
823 3493 944 3550 {atzmu
952 3498 988 3550 ks.
1025 3561 1031 3572 ἱ
1053 3496 1123 3566 ἕλε

20 3618 26 3637 f
60 3579 137 3623 σοιν.
157 3569 201 3639 R·
232 3572 318 3651 οἷον,
337 3594 433 3652 συρτει
455 3594 511 3636 scr.
532 3571 552 3648 ή
574 3593 614 3632 m.
634 3573 701 3628 Η)-
781 3573 831 3622 st·
848 3560 903 3632 &Q
914 3565 1016 3629 ΨΜ·
1026 3578 1084 3615 ffi-
1098 3582 1142 3616 m·
