2414 3832
116 178 181 243 392
530 181 718 234 APPBNDIX.

114 320 153 388 τὸ
178 325 246 386 ΓΚ
264 319 622 408 παραλληλόγραμμον.
667 326 726 388 καί
751 324 820 390 ἐστι
847 323 884 389 τὸ
913 321 975 408 μὲν
999 329 1065 388 ΑΖ
1091 321 1127 389 τὸ

115 424 181 495 ὑπὸ
203 431 272 495 τῶν
295 434 373 513 ΑΒ,
390 433 466 495 ΒΓ·
491 435 546 513 ίση
569 427 634 514 γὰρ
658 424 678 514 ἡ
698 434 767 494 ΑΕ
787 437 828 516 τῇ
848 433 920 495 ΒΓ·
949 428 987 495 τὸ
1007 427 1045 495 δὲ
1064 434 1130 496 ΓΚ

115 531 153 600 τὸ
177 532 242 600 ὑπὸ
266 535 334 600 τών
357 538 432 620 ΒΓ,
455 537 530 599 ΓΔ·
558 540 613 619 ίση
637 531 701 620 γὰρ
724 530 745 620 ἡ
769 539 836 601 ΒΓ
854 537 894 622 τῇ
918 539 988 602 ΓΘ.

181 636 263 706 ’Βοὶν
285 637 351 726 ἄρα
378 653 467 727 τρεῖς
489 631 575 707 οἷσιν
597 637 729 707 εὐθεῖαι
753 642 789 709 ίν
812 638 902 731 λόγῳ
925 645 1006 724 τινί,
1038 646 1130 708 ἔσται

81 767 97 816 5
116 741 162 824 ὡς
180 742 329 833 ἡπρώτη
343 748 426 833 πρὸς
439 743 501 832 τὴν
520 751 646 834 τρίτην,
670 743 777 826 οὕτως
792 743 830 813 τὸ
845 742 911 813 ὑπὸ
926 748 984 831 τῆς
997 746 1131 834 πρώτης

116 851 172 918 καλ
196 852 296 938 μέσης
319 848 402 940 πρὸς
428 850 466 919 τὸ
490 848 556 920 ὑπὸ
586 855 646 938 τῆς
673 854 775 939 μέσης
800 852 857 919 καὶ
883 857 1007 938 τρίτης·
1049 851 1130 940 ὅπερ

117 962 185 1026 ἔδει
208 961 321 1041 (λεῖξαι.
600 1051 639 1114 13

357 1157 406 1220 Ad
430 1156 502 1220 libr.
526 1154 556 1219 X
579 1177 670 1240 prop.
694 1156 737 1221 32
761 1157 889 1223 lemma.

176 1276 223 1345 Ἢ
242 1277 297 1345 καὶ
321 1277 387 1361 ὅτι,
414 1279 473 1345 ἐών
495 1275 744 1364 ἀναγράφωμεν
768 1277 805 1346 τὸ
829 1283 896 1346 ΒΓ
914 1277 1131 1367 ὀρθογώνιον

116 1381 465 1471 παραλληλόγραμμον
488 1384 544 1451 καλ
568 1385 862 1472 συμπληρώσωμεν
886 1383 923 1451 τὸ
948 1392 980 1451 Α
987 1393 1030 1472 Ζ,
1054 1395 1132 1456 ίσον

64 1511 98 1561 10
117 1497 207 1560 ἔσται
230 1491 268 1558 τὸ
291 1496 358 1558 ΒΓ
375 1494 422 1583 τῷ
445 1499 522 1559 ΑΖ·
548 1489 703 1576 ἑκάτερον
726 1488 790 1579 γαρ
815 1493 927 1560 αὐτῶν
951 1492 1133 1561 διπλάσιόν

118 1601 187 1666 ἐστι
204 1601 265 1666 τοῦ
284 1603 387 1665 ΑΒΓ
404 1596 581 1683 τριγώνου.
617 1603 676 1664 καί
696 1599 763 1664 ἐστι
782 1599 821 1665 τὸ
841 1597 901 1685 μὲν
922 1604 988 1666 ΕΓ
1006 1597 1045 1666 τὸ
1064 1596 1132 1668 ὑπὸ

116 1710 185 1774 τῶν
208 1710 280 1789 ΒΓ,
303 1712 389 1790 ΑΔ,
416 1703 454 1771 τὸ
483 1703 521 1771 δὲ
543 1711 609 1771 ΑΖ
631 1703 669 1772 τὸ
692 1702 759 1772 ὑπὸ
780 1708 848 1773 τών
871 1712 951 1792 ΒΑ,
974 1711 1048 1775 ΑΓ.
1094 1705 1133 1775 τὸ

117 1809 183 1899 ἄρα
202 1808 267 1878 ὑπὸ
285 1813 353 1878 τών
373 1817 444 1896 ΒΓ,
458 1818 530 1877 ΑΔ
554 1819 629 1879 ίσον
649 1811 719 1880 ἐστὶ
736 1814 782 1902 τῷ
800 1808 867 1880 ὑπὸ
884 1815 951 1880 τῶν
966 1820 1043 1898 ΒΑ,
1059 1823 1091 1880 Α
1098 1818 1133 1882 Γ.

599 1992 649 2056 14.

446 2095 498 2160 Ad
513 2096 584 2162 libr.
598 2096 629 2159 X
647 2120 740 2182 prop.
754 2099 805 2163 33.

429 2203 569 2287 Λῆμμα
598 2204 655 2280 είς
681 2199 722 2268 τὸ
752 2200 819 2288 λγ’.

65 2327 99 2378 15
182 2304 260 2376 Ἐὰν
283 2305 401 2374 εὐθεῖα
424 2305 558 2394 γραμμὴ
581 2311 693 2397 τμηθῇ
717 2311 764 2386 είς
787 2306 903 2393 ἄνισα,
928 2313 1019 2376 ἔσται
1043 2307 1090 2388 ὡς
1114 2308 1136 2395 ἡ

119 2410 237 2482 εὐθεῖα
259 2411 343 2500 πρὸς
365 2411 427 2500 τὴν
452 2411 601 2498 εὐθεῖαν,
625 2411 732 2494 οὕτως
753 2412 790 2481 τὸ
815 2411 881 2481 ὑπὸ
900 2418 958 2500 τῆς
976 2413 1057 2502 ὅλης
1075 2417 1135 2484 καὶ

118 2524 178 2608 τῆς
200 2526 350 2608 μείζονος
372 2518 456 2608 πρὸς
477 2515 516 2585 τὸ
538 2517 603 2587 ὑπὸ
622 2523 679 2605 τῆς
698 2517 777 2605 ὅλης
795 2520 850 2586 καὶ
869 2523 928 2606 τῆς
946 2518 1135 2602 ἐλάττονος.

186 2625 317 2694 Εὐθεῖα
344 2626 409 2714 γάρ
436 2651 486 2705 τις
513 2623 533 2712 ἡ
558 2633 623 2693 ΑΒ
651 2624 825 2712 τετμήσθω
853 2630 901 2705 είς
923 2623 1024 2694 ἄνισα
1048 2628 1134 2695 κατὰ

118 2731 155 2801 τὸ
181 2741 221 2802 Β·
263 2733 364 2819 λέγω,
392 2730 443 2799 ὅτι
467 2729 511 2811 ὡς
533 2729 552 2818 ἡ
578 2739 646 2799 ΑΒ
671 2730 755 2817 πρὸς
771 2732 833 2817 τὴν
857 2738 935 2817 ΒΒ,
963 2730 1071 2813 οὕτως
1093 2734 1134 2803 τὸ

65 2861 100 2910 20
118 2838 183 2908 ὑπὸ
208 2844 275 2908 τών
298 2846 376 2925 ΒΑ,
399 2846 468 2905 ΑΕ
488 2836 572 2925 πρὸς
593 2837 631 2906 τὸ
654 2836 721 2906 ὑπὸ
743 2841 812 2907 τών
835 2845 911 2923 ΑΒ,
935 2846 1006 2906 ΒΕ.

182 2943 445 3032 Ἀναγεγράφθω
473 2943 537 3031 γὰρ
556 2941 636 3011 Bu&
668 2947 725 3030 τῆς
752 2951 817 3011 ΑΒ
850 2943 1062 3031 τετράγωνον
1095 2946 1135 3015 τὸ

118 3064 150 3121 Α
156 3059 218 3121 ΓΛ
224 3059 262 3137 Β,
286 3052 341 3118 καί
362 3050 418 3118 διὰ
436 3055 497 3118 τοῦ
517 3057 548 3117 Ε
565 3057 704 3137 σημείου
723 3047 865 3139 ὁποτέρα
883 3053 952 3118 τών
970 3057 1045 3136 ΑΓ,
1065 3060 1136 3121 ΒΔ

193 3201 233 3249 13.
263 3195 339 3248 Inter
362 3197 418 3247 ΑΓ
442 3195 472 3246 et
495 3187 564 3262 ὅπερ
587 3209 615 3262 p.
635 3199 682 3261 98,
708 3197 741 3246 15
769 3190 912 3247 PBFVb.
996 3199 1038 3248 14.
1065 3195 1137 3249 Post

120 3283 199 3336 prop.
219 3264 337 3319 XXXIII
354 3281 383 3333 p.
404 3269 463 3331 102,
482 3270 499 3318 4
518 3264 551 3332 V,
570 3282 626 3334 mg.
645 3282 682 3317 m.
701 3279 756 3318 rec.
775 3262 808 3320 B.

191 3394 217 3442 3.
238 3388 301 3458 ΓΔ]
322 3394 347 3442 Δ
364 3389 395 3442 in
412 3403 464 3443 τοο.
486 3386 517 3442 V.
594 3391 617 3439 5.
637 3380 758 3456 πρός-
780 3393 804 3441 7.
824 3387 928 3457 δεῖξαι]
948 3385 996 3440 καὶ
1016 3383 1081 3456 ἑξῆς
1099 3387 1133 3441 Β.

149 3463 173 3514 8.
195 3455 230 3530 ἤ]
248 3475 302 3514 om.
322 3459 386 3516 FV.
454 3459 520 3530 καί]
539 3457 588 3511 ναὶ
606 3447 691 3525 ἧτται
708 3457 736 3513 b.
801 3463 826 3512 9.
845 3456 1082 3528 σνμττληρώσομεν
1101 3457 1135 3527 Ρ,

100 3545 173 3586 σοῖν,
195 3549 233 3585 m.
259 3537 284 3588 2.
373 3539 417 3591 10.
438 3527 483 3606 τό]
504 3548 576 3588 cort.
597 3544 640 3584 ex.
657 3527 751 3601 τῷἾ.
828 3530 996 3592 &mmm
1011 3545 1081 3583 οοῑτ.
1098 3527 1134 3584 V.
