2414 3832
376 130 650 182 ELEMENTORUM
668 132 777 183 LIBER
793 133 827 184 X.
1064 130 1106 194 57

92 273 392 357 demonstrandum,
414 277 443 338 Β
450 279 483 337 Δ
502 279 536 338 et
555 277 626 339 ΔΓ
645 274 849 360 longitudine
872 275 1109 340 incommensu-

93 379 215 445 rabiles
238 401 317 445 esse.

159 486 277 552 iisdem
300 487 387 551 enim
411 487 609 570 comparatis
633 486 784 552 similiter
805 486 1108 572 demonstrabimus,

92 614 164 658 esse
186 589 266 657 31⁷²
284 622 326 645 =
341 597 374 655 A
379 590 392 629 ἵ
408 596 448 674 -Ι-
465 590 553 657 Ma
591 589 666 657 ΒΡ
686 595 795 657 autem
815 591 859 657 Α2
883 593 1008 658 excedit
1032 614 1109 677 qua·

90 699 186 764 drato
210 700 318 764 rectae
342 698 405 762 sibi
428 697 771 765 incommensurabilis.
812 698 923 783 itaque
941 702 1017 782 ΒΓ,
1042 702 1109 762 ΖΔ

91 803 298 890 longitudine
321 805 665 870 incommensurabiles
689 809 773 870 sunt.
810 827 910 890 quare
928 807 995 870 ΒΓ
1009 805 1108 869 etiam

90 911 239 995 reliquae
257 913 323 974 ΒΖ
334 912 374 990 -Ι-
387 912 457 975 ΔΓ
470 909 808 976 incommensurabilis
824 915 874 976 est
889 913 993 997 [prop.
1006 909 1108 991 XVI}

91 1039 208 1082 uerum
226 1019 292 1080 ΒΖ
304 1018 343 1095 -l-
356 1021 390 1079 Δ
394 1019 426 1080 Γ
440 1021 546 1081 rectae
565 1021 599 1079 Δ
603 1019 635 1082 Γ
649 1016 854 1102 longitudine
873 1039 1108 1082 commensura-

92 1123 171 1188 bilis
191 1125 242 1187 est
262 1124 368 1208 [prop.
382 1121 453 1203 VIJ.
477 1144 577 1206 quare
600 1124 698 1188 etiam
713 1126 780 1189 ΒΓ
794 1129 901 1190 rectae
918 1127 989 1189 ΛΓ
1002 1124 1108 1208 longi·

92 1228 209 1294 tudine
223 1229 561 1294 incommensurabilis
576 1235 626 1295 est
641 1232 746 1316 [prop.
756 1229 860 1311 Xlll].
884 1231 994 1314 itaque
1009 1231 1108 1295 etiam

92 1335 274 1401 dirimendo
298 1339 366 1400 BA
389 1339 422 1401 et
445 1337 516 1399 ΔΓ
534 1336 737 1421 longitudine
766 1336 1108 1401 incommensurabiles

95 1446 173 1507 sunt
196 1445 300 1526 [prop.
322 1440 424 1522 XVI].

165 1546 256 1632 Ergo
280 1547 308 1611 si
330 1547 410 1614 duae
434 1553 553 1632 rectae,
577 1550 610 1612 et
634 1568 716 1631 quae
740 1551 926 1631 sequuntur.

521 1725 683 1790 Lemma.

40 1916 51 1937 ‚
165 1847 323 1925 Quoniam
342 1849 600 1914 demonstratum
615 1853 666 1915 est
679 1851 783 1934 [prop.
794 1846 841 1913 IX
852 1847 986 1928 coroll.],
1003 1851 1109 1912 rectas

97 1954 300 2041 longitudine
330 1956 638 2021 commensurabiles
672 1977 798 2041 semper
832 1956 931 2020 etiam
963 1955 1111 2038 potentia

95 2061 404 2127 commensurabiles
424 2084 504 2145 esse,
526 2065 632 2127 rectas
651 2066 759 2126 autem
780 2061 927 2147 potentia
949 2082 1110 2126 commen·

96 2167 268 2233 surabiles
285 2189 353 2235 non
382 2189 510 2252 semper
540 2168 638 2233 etiam
670 2168 890 2253 longitudine,
923 2167 979 2232 sed
1013 2189 1110 2252 posse

93 2273 299 2359 longitudine
317 2277 388 2338 tum
408 2274 714 2340 commensurabiles
734 2296 804 2338 esse
822 2278 893 2339 tum
912 2274 1109 2340 incommen-

95 2380 264 2464 surabiles,
288 2379 433 2465 adparet,
456 2381 484 2444 si
506 2383 596 2444 recta
619 2380 727 2465 aliqua
745 2380 898 2445 rationali
921 2380 1109 2463 propositae

93 2485 301 2570 longitudine
320 2486 622 2551 commensurabilis
642 2487 693 2569 sit,
712 2508 784 2551 eam
802 2485 994 2550 rationalem
1016 2485 1109 2570 eique

93 2591 422 2657 commensurabilem
450 2592 561 2657 uocari
590 2613 655 2657 non
681 2591 778 2656 modo
806 2590 1022 2674 longitudine,
1054 2592 1110 2656 sed

94 2699 196 2763 etiam
219 2697 380 2783 potentia,
408 2698 561 2783 quoniam
589 2702 696 2762 rectae
726 2696 927 2782 longitudine
951 2719 1110 2763 commen-

95 2803 258 2871 surabiles
273 2824 401 2889 semper
415 2803 513 2868 etiam
527 2804 675 2887 potentia
693 2802 1001 2868 commensurabiles
1021 2809 1110 2888 sunt3

94 2912 149 2976 sin
178 2913 268 2975 recta
296 2910 451 2975 rationali
480 2908 668 2995 propositae
696 2909 844 2994 potentia
873 2932 1110 2976 commensura·
1193 2927 1194 2931 ’

94 3017 173 3084 bilis
203 3017 260 3099 sit,
295 3016 323 3081 si
355 3016 455 3082 etiam
487 3016 690 3101 longitudine
724 3016 768 3080 sit
800 3016 1110 3102 commensurabilis,

95 3145 169 3190 eam
184 3123 230 3189 sic
244 3143 369 3208 quoque
382 3124 578 3189 rationalem
593 3124 684 3208 eique
698 3122 901 3207 longitudine
916 3127 949 3187 et
963 3124 1110 3205 potentia

94 3229 421 3298 commensurabilem
453 3230 578 3313 uocari3
610 3230 661 3294 sin
692 3250 804 3293 rursus
836 3232 925 3295 recta
956 3230 1111 3295 rationali

134 3411 175 3460 19.
200 3399 272 3472 αὕτη
291 3402 321 3458 F.
394 3410 437 3458 20.
463 3399 525 3459 irtel
543 3401 591 3476 cel]
615 3400 647 3458 ci
668 3399 722 3473 γάρ
745 3403 843 3460 Theon
861 3404 993 3475 (BFVb).
1067 3410 1110 3459 22.

93 3475 163 3546 καί]
183 3475 395 3544 (alt)m.aB.
468 3470 541 3544 αὕτη
560 3476 590 3529 F.
1198 3477 1200 3482 ’
