2414 3832
124 170 188 234 398
539 170 728 223 APPENDIX.

122 310 186 396 τὴν
211 309 398 398 ὀνομασίαν
421 309 607 378 τάττεσθαι.
645 311 696 379 ὅτι
714 310 752 378 δὲ
771 310 905 398 μείζονά
924 309 1053 378 ἐστιτὰ
1072 310 1144 382 ἄπο

123 420 194 485 τοῖν
207 425 240 483 A
245 424 284 502 B,
299 423 366 484 ΒΓ
374 420 436 485 τοῦ
451 417 503 496 δὶς
516 416 582 486 ὑπὸ
596 420 664 484 τῶν
678 425 711 483 A
716 423 755 500 B,
770 421 843 503 ΒΓ,
858 414 964 495 οὕτως
978 419 1143 488 δεικτέον.

193 523 347 611 Φανερὸν
371 523 432 611 μὲν
456 515 536 609 οὖν,
569 521 619 591 ὄτι
642 520 759 590 ίίνισοί
783 526 869 589 είσιν
897 525 935 589 αί
959 530 1041 611 ΑΒ,
1067 532 1143 594 ΒΓ.

122 634 154 697 εί
175 627 239 717 γὰρ
263 621 349 717 ἦσαν
369 638 449 716 ἴσαι,
474 638 529 697 ἴσα
552 625 595 697 ίίν
614 621 658 715 ἦν
675 625 789 697 καὶτὰ
808 625 873 697 ἀπὸ
893 632 959 697 τῶν
978 638 1011 696 A
1017 637 1055 718 B,
1076 638 1149 699 ΒΓ

87 748 166 828 στῷ
192 737 244 817 δὶς
265 734 332 805 ὑπὸ
357 741 425 804 τῶν
448 744 525 822 ΑΒ,
544 741 616 822 ΒΓ,
639 736 694 804 καὶ
718 727 761 822 ἦν
784 731 828 802 ἂν
851 735 907 803 καί
926 733 963 804 τδ
981 735 1049 804 ὑπὸ
1069 743 1142 806 τῶν

122 854 154 911 A
160 851 201 929 Β,
219 850 286 911 ΒΓ
304 842 419 929 ῥητόν·
444 841 525 930 ὅπερ
545 842 606 929 οὐχ
625 839 809 910 ὑπόκειται·
831 840 945 910 ἄνισοι
964 840 1030 930 ἅμα
1049 846 1142 913 εἰσὶν

122 954 160 1017 αἱ
181 957 261 1034 ΑΒ,
285 956 355 1018 ΒΓ.
402 946 594 1018 ὑποκείσθω
623 955 742 1036 μείζων
769 945 790 1034 ἡ
813 955 895 1033 ΑΒ,
927 948 983 1016 καὶ
1010 953 1142 1019 κείσθω

121 1061 161 1144 τῇ
182 1063 249 1124 ΒΓ
269 1064 324 1141 ἴση
344 1057 365 1141 ἡ
383 1063 463 1122 ΒΔ·
487 1054 527 1122 τὰ
548 1055 614 1141 ἄρα
633 1052 698 1123 ἀπὸ
717 1059 787 1123 τῶν
805 1062 881 1140 ΑΒ,
899 1062 970 1121 ΒΔ
992 1063 1049 1123 ἴσα
1069 1058 1141 1124 έστδ

121 1165 167 1252 τῷ
194 1189 229 1230 τε
258 1162 310 1241 δὶς
338 1158 404 1228 ὑπὸ
431 1165 500 1229 των
527 1168 607 1247 AB,
630 1168 699 1228 BA
726 1161 782 1229 καὶ
809 1166 854 1254 τῷ
882 1158 947 1229 ἀπὸ
975 1166 1034 1248 τῆς
1058 1172 1141 1233 ΛΑ.

71 1291 103 1339 10
123 1277 178 1354 ἴση
203 1268 241 1335 δὲ
264 1264 284 1353 ἡ
308 1275 376 1335 ΔΒ
398 1277 437 1357 τῇ
462 1272 536 1336 ΒΓ·
566 1269 606 1335 τὰ
629 1266 694 1354 ἅμα
717 1266 782 1336 ἀπὸ
806 1271 873 1336 τῶν
896 1276 974 1356 ΑΒ,
993 1276 1061 1337 ΒΓ
1083 1278 1142 1338 ἴσα

121 1375 189 1441 ἐστὶ
217 1377 262 1464 τῷ
291 1399 325 1440 τε
354 1373 406 1453 δὶς
437 1371 503 1443 ὑπὸ
532 1385 600 1443 τῶν
627 1382 709 1460 ΑΒ,
732 1380 800 1442 ΒΓ
821 1374 877 1442 καὶ
903 1379 949 1467 τῷ
978 1377 1044 1443 ἀπο
1081 1382 1142 1464 τῆς

121 1488 204 1547 ΑΛ·
247 1479 331 1550 ὅστε
353 1480 393 1549 τὰ
418 1479 483 1550 ἀπὸ
507 1485 575 1549 τῶν
599 1488 680 1566 ΑΒ,
702 1487 769 1549 ΒΓ
797 1487 931 1568 μείζονα
958 1480 1048 1550 εἶναι
1076 1489 1141 1552 τοῦ

122 1585 174 1666 δὶς
197 1586 263 1655 υπὸ
287 1592 355 1672 τῶν
379 1595 456 1673 ΑΒ,
480 1594 547 1655 ΒΓ
564 1598 610 1679 τῷ
633 1585 698 1656 ἀπὸ
723 1596 800 1655 ΛΑ.

433 1910 485 1974 Ad
508 1910 581 1974 libr.
602 1805 748 1994 {apropz
771 1911 824 1975 40.

183 2028 300 2116 Ῥητον
330 2031 368 2097 δὲ
394 2030 450 2096 καὶ
473 2030 576 2116 μέσον
606 2032 776 2118 δυναμένη
800 2039 946 2100 καλεῖται
969 2031 1055 2120 αὕτη
1081 2038 1139 2103 διὰ

68 2159 101 2208 15
120 2133 158 2202 τὸ
182 2135 352 2203 δύνασθαι
376 2135 448 2202 δύο
462 2139 578 2224 χωρία,
601 2137 639 2203 τὸ
664 2134 726 2222 μὲν
749 2135 865 2225 ῥητὸν,
893 2136 931 2205 τὸ
956 2138 994 2207 δὲ
1018 2142 1138 2226 μέσον·

120 2241 175 2309 καὶ
202 2240 258 2308 διὰ
281 2239 343 2326 τὴν
366 2244 426 2308 τοῦ
451 2243 556 2328 ῥητοῦ
578 2241 788 2329 προύκαμξιν
811 2247 944 2331 πρῶτον
967 2247 1137 2316 ἐκάλεσεν.

430 2564 483 2629 Ad
505 2564 579 2628 libr.
600 2458 747 2648 ἔρυσο.
769 2566 822 2630 41.

186 2692 295 2754 Καλεϊ
321 2685 358 2754 δὲ
387 2682 493 2772 αὐτὴν
522 2683 585 2752 δύο
609 2685 692 2771 μέσα
716 2687 908 2774 δυναμένην
933 2686 989 2755 διὰ
1012 2714 1050 2758 το
1076 2691 1135 2759 δύ-

119 2802 246 2861 νασθαι
275 2789 380 2878 αὐτην
410 2791 472 2859 δύο
501 2792 585 2877 μέσα
608 2797 712 2880 χωρία
735 2791 774 2859 τό
797 2818 832 2860 τε
854 2799 1074 2880 συγκείμενον
1099 2799 1133 2865 ἐκ

118 2904 186 2968 τῶν
210 2898 274 2968 ἀπὸ
298 2903 365 2967 τῶν
389 2905 465 2985 ΑΒ,
484 2903 551 2965 ΒΓ
568 2896 623 2964 καὶ
647 2901 684 2965 τὸ
709 2899 762 2977 δὶς
783 2896 849 2967 ὑπὸ
873 2903 941 2967 τῶν
965 2908 1043 2988 AB,
1062 2909 1132 2970 ΒΓ.

191 3118 234 3168 20.
262 3113 339 3167 Inter
367 3108 513 3181 δυναμένη
543 3113 571 3166 et
598 3104 669 3179 ὅπερ
692 3128 719 3179 p.
740 3110 993 3180 116,13PBFb,
1021 3131 1078 3183 mg.
1099 3113 1130 3168 V.

156 3191 198 3239 21.
218 3184 294 3239 Inter
312 3182 458 3253 δυναμένη
477 3183 507 3236 et
525 3176 595 3251 ὅπερ
613 3201 640 3251 p.
662 3188 721 3251 118,
742 3188 775 3237 17
793 3181 935 3239 PBFVb.

118 3311 331 3322 ᾑ-

192 3382 215 3431 1.
235 3378 279 3449 δέ]
300 3375 444 3466 613oe1P3
512 3372 673 3504 οἶκόὲσοετ.
693 3394 736 3464 ex,
745 3373 802 3463 ὑμέ
816 3383 893 3463 ρ11132
911 3376 941 3432 F.
1015 3384 1040 3433 2.
1057 3372 1128 3433 οὕτω

108 3445 136 3498 Β
145 3445 199 3503 Vb.
276 3455 303 3507 3.
323 3448 388 3524 ουν]
410 3468 462 3505 ουν
482 3443 557 3505 ἐστιν
600 3490 607 3504 .
674 3455 699 3505 8.
718 3449 790 3519 ano]
808 3469 865 3504 υτιο
885 3449 919 3504 V.
974 3449 1040 3521 BA]
1061 3464 1128 3504 corr.

97 3531 136 3572 ex
149 3523 216 3574 ΒΓ
232 3520 265 3576 V.
345 3529 372 3580 9.
392 3516 470 3596 ἀπό]
489 3517 600 3579 &2:61²-
668 3520 735 3590 tim
748 3519 804 3573 τῶν
817 3519 858 3587 Β,
871 3536 927 3572 zm.
939 3517 999 3572 1³1.
1064 3519 1127 3588 ΔΛ]
