2414 3832
123 183 188 248 366
509 188 710 240 ΣΤΟῙΧΕΙΩΝ
729 183 756 241 ι’.

122 331 185 393 ΓΛ
208 325 395 413 σύμμετρός
418 330 486 396 ε’στι
514 332 553 415 τῆ
583 330 752 416 ἐκκειμένῃ
781 330 863 417 ῥητῆ
891 328 1006 416 μήκει,
1034 332 1093 399 καὶ
1120 329 1142 419 ῆ

123 440 198 518 ΖΘ,
231 438 262 502 εί
294 434 331 502 δὲ
366 431 526 520 οὐδετέρα
558 437 627 502 τῶν
655 440 731 519 ΒΓ,
761 440 842 520 ΓΔ,
876 433 1038 524 οὐδετέρα
1072 442 1142 506 τῶν

121 546 303 697 ΚΖΒίΖζόὲ
338 627 360 717 ῆ
392 635 458 697 ΒΓ
487 633 546 715 τῆς
579 635 641 697 ΓΛ
672 636 785 716 μεῖζον
818 629 958 698 δύναται
991 634 1038 720 τῷ
1073 630 1140 701 ἀπὸ

86 734 334 827 σάσυμμέτρον
362 737 478 825 ἑαυτῆ,
504 737 560 804 καὶ
589 734 609 823 ἡ
634 743 699 803 ΚΖ
726 740 784 823 τῆς
808 744 869 804 ΖΘ
896 742 1009 823 μεῖζον
1033 738 1141 824 δυνή-

121 863 211 911 σεται
229 854 275 936 τῷ
295 841 360 911 άπὸ
383 840 596 929 ἀσυμμέτρου
610 844 720 931 ἑαυτῆ.
756 843 814 910 καὶ
828 847 858 910 εί
871 843 933 929 μὲν
947 842 1139 933 σύμμετρός

120 951 211 1018 ἐστιν
235 949 254 1036 ῆ
278 955 346 1018 ΒΓ
367 954 406 1038 τῆ
431 950 601 1037 ἐκκειμένῃ
625 952 707 1038 ῥητῆ
732 948 845 1036 μήκει,
872 948 928 1016 καὶ
950 945 972 1034 ῆ
996 956 1081 1036 ΚΖ,
1110 956 1141 1019 εί

121 1056 158 1124 δὲ
180 1054 201 1142 ἡ
226 1062 302 1141 ΓΔ,
327 1057 382 1123 καὶ
406 1053 427 1141 ῆ
453 1062 528 1140 ΖΘ,
557 1060 588 1122 εί
615 1055 651 1122 δὲ
680 1053 839 1143 οὐδετέρα
867 1066 934 1122 τῶν
958 1061 1040 1141 ΒΓ,
1065 1063 1140 1143 ΓΛ,

71 1209 74 1213 -
121 1159 279 1248 οὐδετέρα
302 1165 370 1228 τῶν
393 1167 470 1245 KZ,
495 1168 564 1230 ΖΘ.

68 1289 101 1336 10
184 1264 239 1332 Ἐκ
261 1265 324 1333 δύο
348 1264 413 1353 ἀρα
433 1263 609 1354 ὀνομάτων
628 1268 718 1335 ἐστὶν
737 1264 807 1353 ῆΚ
811 1275 850 1352 Θ,
873 1258 913 1353 ῆς
926 1266 967 1334 τά
987 1267 1139 1355 ὀνόματα

119 1370 159 1439 τὰ
183 1379 263 1456 KZ,
288 1379 348 1439 ΖΘ
376 1372 546 1461 σύμμετρά
571 1377 666 1458 [ἐστι]
692 1387 761 1452 τοῖς
783 1377 842 1459 τῆς
864 1370 1035 1460 ἀποτομῆς
1061 1375 1135 1445 ὀνό-

120 1498 199 1565 μασι
222 1493 292 1559 τοῖς
315 1484 392 1564 ΒΓ,
415 1485 477 1547 ΓΛ
499 1481 554 1548 καὶ
578 1481 615 1547 έν
637 1483 682 1571 τῷ
707 1478 797 1570 αότςό
821 1479 926 1570 λόγῳ,
956 1480 1013 1546 καὶ
1042 1486 1094 1549 ἔτι
1117 1480 1137 1568 ἡ

119 1593 186 1654 ΚΘ
208 1590 247 1674 τῆ
272 1591 339 1653 ΒΓ
357 1583 419 1671 τῆν
442 1584 548 1672 αὐτὴν
572 1588 636 1667 ἕξει
659 1586 766 1666 τάξιν·
795 1584 875 1674 ὅπερ
894 1590 962 1654 ἔδει
988 1590 1105 1670 δεῖξαι.

591 1765 669 1851 ριδ’.

68 1907 99 1957 15
183 1887 269 1955 Ἐὰν
301 1893 450 1974 χωρίον
481 1888 708 1973 περιέχηται
736 1885 810 1956 ὑπὸ
841 1886 1046 1975 ἀποτομῆς
1074 1892 1140 1960 καὶ

118 1998 185 2080 τῆς
223 1997 261 2061 ἐκ
299 1993 370 2061 δύο
404 1991 624 2078 ὀνομάτων,
662 1984 707 2078 ῆς
743 1993 788 2062 τά
827 1992 1007 2081 ὀνόματα
1044 2000 1139 2085 σύμ-

118 2099 238 2187 μετρά
265 2100 307 2166 τέ
333 2099 415 2166 ἐστι
443 2112 526 2178 τοῖς
553 2103 621 2185 τῆς
646 2097 847 2187 ἀποτομῆς
879 2099 1049 2188 ὀνόμασι
1073 2105 1139 2171 καὶ

118 2210 159 2274 έν
183 2210 231 2297 τῷ
257 2201 359 2296 αὐτῷ
384 2204 502 2296 λόγῳ,
526 2203 547 2292 ῆ
571 2204 613 2274 τό
637 2214 784 2295 χωρίον
808 2208 1014 2294 δυναμένη
1038 2210 1138 2297 ρητῆ

118 2312 243 2381 ἐστιν.ι

65 2439 98 2488 20
180 2421 394 2507 Περιεχέσθω
417 2418 481 2505 γάρ
507 2425 632 2507 χωρίον
655 2421 692 2488 τὸ
712 2418 778 2488 ὑπὸ
797 2426 865 2489 τῶν
884 2429 960 2506 ΑΒ,
979 2427 1043 2489 ΓΔ
1066 2421 1133 2493 ὑπὸ

116 2523 285 2612 ἀποτομῆς
306 2529 365 2612 τῆς
384 2533 448 2592 ΑΒ
470 2526 525 2592 καὶ
549 2529 607 2612 τῆς
630 2528 666 2594 ἐκ
690 2525 753 2594 δύο
777 2525 954 2610 ὀνομάτων
977 2533 1037 2614 τῆς
1060 2537 1134 2619 ΓΛ,

116 2624 156 2719 ἧς
178 2639 291 2718 μεῖζον
314 2631 421 2719 ὀνομα
445 2637 531 2700 ἔστω
550 2632 594 2720 ζτό
618 2638 696 2718 ΓΕ,
722 2633 779 2699 καὶ
807 2638 890 2701 ἔστω
914 2633 955 2701 τὰ
973 2634 1132 2722 ’ὀνόματα

115 2743 174 2825 τῆς
197 2741 232 2806 ἐκ
257 2737 319 2806 δύο
343 2738 519 2825 ὀνομάτων
542 2736 582 2805 τὰ
605 2744 679 2824 ΓΕ,
703 2747 771 2806 ΕΔ
798 2728 968 2827 σύμμετρά
997 2768 1034 2809 τε
1060 2757 1133 2823 τοῖς

115 2850 173 2931 τῆς
195 2843 366 2930 ἀποτομῆς
389 2842 532 2930 ὀνόμασι
555 2858 626 2925 τοῖς
651 2853 726 2931 ΑΖ,
753 2853 814 2914 ΖΒ
836 2846 892 2913 καὶ
915 2848 952 2914 έν
974 2851 1021 2940 τῷ
1040 2845 1132 2942 αὐτῷ

188 3047 210 3095 1,
232 3040 293 3111 ΓΔ]
313 3039 410 3093 ΔΓΒ
430 3042 459 3094 et
478 3056 493 3094 ο
512 3056 581 3095 corr.
605 3041 637 3097 V.
697 3047 721 3096 2.
742 3041 1045 3113 ΒΓ-ιῶν]μοε1εο
1061 3044 1127 3099 add.

114 3131 150 3166 m.
172 3119 186 3164 1
206 3112 236 3165 P.
313 3111 381 3165 Post
402 3115 456 3164 ΓΔ
474 3110 538 3166 add.
558 3113 610 3165 καί
625 3113 656 3180 b,
680 3130 716 3167 m.
736 3118 752 3166 2
772 3113 802 3167 F.
882 3119 906 3168 4.
931 3109 1053 3183 δύνηται
1071 3116 1127 3171 Bb.

151 3188 175 3238 5.
195 3179 353 3253 ονμμέτρον
369 3181 402 3251 V,
422 3183 479 3237 sed.
495 3198 564 3237 corr.
619 3183 684 3254 KZ]
701 3187 835 3239 Zecorr.
850 3183 885 3254 V,
903 3187 959 3238 ΚΔ
974 3185 1004 3240 Ρ.
1062 3186 1126 3258 ΖΘ]

115 3256 166 3308 ΘΖ
189 3252 219 3308 in
236 3271 292 3308 ras.
311 3252 344 3308 V.
419 3251 625 3324 ἀσυμμέτρου
644 3254 681 3321 V,
706 3255 754 3310 sed
779 3271 848 3309 corr.
923 3260 948 3310 7.
972 3251 1069 3383 ἐστινχ
1089 3274 1126 3311 m.

114 3324 178 3380 21⁴¹.
243 3330 267 3378 8.
288 3324 351 3394 ΖΘ]
373 3325 424 3378 ΘΖ
442 3325 472 3378 F.
534 3329 584 3379 ΓΔ
601 3326 655 3379 καί
669 3325 695 3380 b.
762 3332 803 3380 11.
823 3324 950 3396 σάμμετα
968 3327 999 3380 Β.
1070 3328 1126 3399 στι]

110 3410 162 3451 om.
182 3394 219 3463 Ρ,
244 3411 402 3467 suprascr.
422 3395 454 3452 V.
540 3391 677 3466 ὀνόμασιν
695 3397 727 3450 Β.
811 3403 851 3451 18.
875 3398 944 3469 ΒΓ]
968 3403 1022 3451 ΒΔ
1046 3397 1126 3453 PFb.

132 3462 207 3538 ὅπερ
238 3465 301 3526 ἔδει
332 3469 447 3543 δεῖξαι]
477 3486 533 3526 om.
558 3467 644 3524 Bm).
733 3473 779 3520 u.
802 3464 849 3533 ωε·
869 3469 894 3518 ὀ
915 3472 946 3519 ω.
963 3484 981 3520 ε
1002 3486 1073 3522 m
1095 3469 1126 3535 F,

81 3534 233 3606 ptff'BV.
322 3549 366 3600 1⁷.
388 3542 436 3616 τε]
459 3538 635 3600 0111ssss
710 3533 957 3603 &mmmm
1022 3533 1142 3586 &Mus
