2414 3832
369 148 645 201 ELEMENTORUM
662 149 770 199 LIBER
788 149 821 202 X.
1086 145 1106 208 9

89 298 166 378 ΓΖ,
190 297 250 359 ΓΖ
279 296 387 358 autem
410 295 485 356 ΒΗ
507 293 643 355 metiens
672 313 706 356 se
734 291 805 375 ipsa
834 291 991 356 minorem
1014 291 1108 355 relin-

92 403 173 486 quat
186 407 218 465 A
224 403 266 483 H,
286 402 319 463 et
336 399 399 462 hoc
419 418 546 481 semper
563 398 632 482 fiat,
651 397 752 462 donec
770 397 971 482 relinquatur
986 397 1108 481 magni·

92 507 171 572 tudo
187 507 292 571 minor
306 505 529 590 magnitudine
545 509 584 569 E.
606 505 666 568 fiat
681 508 714 567 et
727 503 928 587 relinquatur
942 510 974 568 A
979 507 1019 568 H
1026 515 1060 576 <
1070 509 1108 568 Ε.

97 615 163 679 iam
194 613 347 697 quoniam
381 617 413 676 Ε
441 609 698 696 magnitudinem
722 614 788 675 AB
816 611 951 675 metitur
981 613 1013 674 et
1042 614 1107 673 AB

91 719 351 804 magnitudinem
367 722 400 781 Δ
406 721 442 801 Ζ,
459 716 557 781 etiam
573 721 604 780 E
616 715 871 800 magnitudinem
887 719 954 779 ΖΛ
968 716 1108 781 metitur.

88 848 205 892 uerum
236 826 335 890 etiam
366 827 472 889 totam
500 826 568 887 ΓΛ
594 823 735 886 metitur.
772 822 883 906 itaque
912 821 1010 886 etiarn
1037 821 1109 885 reli·

94 955 193 1017 quam
227 930 486 1017 magnitudinem
514 932 580 994 ΓΖ
602 929 764 993 metietur.
807 928 863 993 sed
889 931 952 992 ΓΖ
983 929 1108 1011 magni·

93 1039 241 1103 tudinem
265 1041 341 1102 BH
363 1037 507 1101 metitur.
549 1057 648 1120 quare
672 1036 771 1100 etiarn
793 1038 826 1098 E
851 1034 1108 1118 magnitudinem

94 1149 167 1208 BH
187 1145 329 1209 metitur.
362 1165 475 1208 uerum
498 1143 596 1208 etiam
620 1145 724 1206 totam
748 1145 813 1206 AB
836 1141 978 1205 metitur.
1011 1162 1109 1224 quare

93 1250 194 1314 etiam
223 1251 379 1334 reliquam
408 1254 440 1314 A
446 1252 486 1313 H
498 1249 674 1330 metietur,
703 1247 808 1312 maior
830 1246 1002 1330 minorem3
1025 1247 1109 1331 quod

91 1357 161 1420 fieri
185 1378 250 1421 non
274 1360 392 1440 potest.
427 1357 538 1439 itaque
562 1352 803 1439 magnitudines
828 1356 907 1436 AB,
931 1355 997 1417 ΓΔ
1018 1353 1109 1417 nulla

92 1461 285 1545 magnitudo
309 1461 470 1525 metietur.
507 1481 584 1544 ergo
607 1458 847 1544 magnitudines
870 1463 950 1538 ΑΒ,
974 1462 1040 1523 ΓΔ
1063 1460 1108 1523 in·

94 1565 404 1628 commensurabiles
428 1567 522 1627 erunt
545 1564 620 1643 [def.
644 1566 687 1644 1].

163 1667 252 1752 Ergo
287 1669 313 1731 si
347 1690 384 1733 er
417 1667 541 1733 duabus
564 1667 846 1753 magnitudinibus
875 1669 1109 1754 inaequalibus,

97 1777 130 1838 et
153 1795 234 1858 quae
259 1778 446 1860 sequuntur.

570 1969 630 2037 III.

161 2092 256 2156 Datis
290 2092 415 2158 duabus
448 2092 728 2179 magnitudinibus
763 2097 1109 2163 commensurabilibus

93 2199 270 2264 maximam
295 2221 405 2264 earum
429 2221 616 2265 mensuram
640 2221 846 2265 communem
869 2200 1022 2269 inuenire.

163 2304 235 2370 Sint
250 2306 332 2370 duae
352 2306 593 2390 magnitudines
609 2305 703 2370 datae
718 2308 1023 2373 commensurabiles
1034 2314 1110 2395 AB,

93 2415 175 2494 ΓΔ,
203 2433 339 2495 quarum
367 2412 475 2476 minor
501 2413 545 2476 sit
568 2415 643 2475 AB.
673 2416 803 2496 oportet
825 2413 926 2497 igitur
948 2416 1109 2499 magnitu-

92 2518 202 2583 dinum
226 2522 300 2601 AB,
329 2520 395 2582 ΓΛ
424 2518 600 2582 maximam
627 2539 811 2582 mensuram
837 2541 1041 2584 communem
1064 2522 1109 2586 in·

90 2625 211 2689 uenire.

159 2729 247 2794 Nam
266 2728 457 2812 magnitudo
472 2733 538 2793 AB
552 2728 811 2814 magnitudinem
826 2733 889 2795 ΓΛ
903 2734 960 2795 eut
978 2735 1109 2797 metitur

93 2839 241 2900 autnon
264 2833 406 2900 metitur.
440 2835 505 2899 iarn
531 2835 559 2899 si
583 2835 725 2920 metitur,
748 2839 781 2900 ct
801 2836 958 2922 seipsam
983 2859 1109 2923 quoque

94 2997 255 3006 ——-—

94 3102 181 3151 μετρα
201 3081 310 3151 μεγέθη
329 3079 363 3134 V.
429 3083 470 3133 18.
492 3077 606 3134 ἔλαττον
625 3079 654 3136 F.
720 3087 762 3136 20.
782 3081 923 3205 us'yedocq
939 3100 992 3138 om.
1012 3081 1110 3138 Theon

94 3152 230 3222 (BFVb).
303 3146 367 3219 ἤτοι
405 3167 442 3203 m.
461 3165 514 3204 rec.
534 3150 563 3203 P.
638 3157 680 3206 21.
700 3151 768 3206 Post
791 3172 844 3207 ουν
867 3149 1053 3208 11ᾱ.τόΑΒ
1075 3150 1107 3208 τὸ

93 3228 148 3278 ΓΔ
167 3222 199 3277 V.
273 3228 370 3292 μετρεῖ
403 3220 499 3291 (prius)
520 3238 604 3291 supra
621 3239 658 3276 m.
680 3227 692 3275 1
714 3221 745 3277 B.
806 3218 878 3278 αὑτό
896 3223 927 3292 Β,
947 3240 1015 3281 corr.
1031 3243 1067 3279 m.
1083 3231 1108 3279 2.

128 3299 184 3348 τῶν
202 3298 260 3363 ΑΒ,
282 3293 342 3364 ΓΔ]
362 3310 416 3349 om.
436 3291 469 3346 V.
