2392 3832
111 241 177 303 412
524 243 713 295 Αεευειυιει.

112 381 279 468 ἀλλήλους
297 385 392 450 εἰσίν.
424 384 508 470 λέγω
528 387 672 470 πρῶτον,
692 380 744 450 ὅτι
764 379 836 449 ὁΗ
850 380 911 448 οάν
925 386 995 448 ἔστι
1010 382 1126 467 μονάς.

112 491 144 554 εί
164 487 229 575 γὰρ
254 488 412 575 δυνατόν,
435 494 519 557 ἔστω
543 487 657 576 μονάς.
702 488 758 555 καὶ
781 489 854 555 ἐπεί
875 489 963 555 ἐστιν
987 486 1035 566 ὡς
1054 486 1076 575 ἡ
1097 498 1129 556 Α

112 591 195 681 πρὸς
217 592 278 680 τήν
302 603 346 681 Β,
375 593 482 674 οὕτως
510 593 614 662 ὁΕΖ
640 593 725 681 πρὸς
751 592 810 662 τὸν
834 601 884 680 Η,
911 593 966 660 καὶ
989 591 1036 673 ὡς
1061 593 1128 683 ἀρα

112 699 149 767 τὸ
174 699 238 767 ἀπὸ
262 705 321 788 τῆς
343 709 375 768 A
398 701 481 789 πρὸς
502 700 540 768 τὸ
565 699 631 768 ἀπὸ
654 705 713 787 τῆς
736 709 780 787 Β,
804 699 910 781 οὕτως
932 698 951 767 ὁ
974 698 1039 767 ἀπὸ
1064 705 1129 768 τοῦ

35 818 37 822 ’
78 812 177 878 σΕΖ
204 805 288 894 πρὸς
309 805 369 875 τὸν
392 805 457 876 ἀπὸ
486 810 547 875 τοῦ
570 815 612 875 Η.
655 806 834 875 διπλάσιον
858 806 896 874 δὲ
918 805 957 873 τὸ
979 803 1044 873 ἀπὸ
1068 811 1130 893 τής

113 922 145 978 Α
166 915 228 979 τοῦ
251 910 317 979 ἀπὸ
339 917 398 999 τής
417 920 458 980 Β·
482 912 658 992 διπλάσιος
680 911 747 1000 ἀρα
768 913 824 980 καὶ
848 911 866 979 ὁ
890 909 955 979 ἀπὸ
977 916 1039 979 τοῦ
1064 920 1128 979 ΕΖ

113 1021 175 1084 τοῦ
203 1014 269 1085 ἀπὸ
296 1030 358 1086 τοῦ
382 1027 425 1086 Η.
469 1024 529 1086 καί
553 1020 621 1086 ἐστι
649 1017 755 1105 μονὰς
782 1016 801 1086 ὁ
825 1025 872 1085 Η·
911 1015 995 1096 δυὰς
1018 1016 1126 1104 ἀρωὸ

114 1121 179 1191 ἀπὸ
204 1130 268 1191 ΕΖ
289 1125 507 1211 τετράγωνος·
539 1123 619 1213 ὅπερ
643 1125 734 1193 ἐστὶν
758 1122 952 1222 ἀδύνατον.Ο
975 1121 1039 1190 οὐκ
1062 1122 1127 1209 ἀρα

114 1229 220 1316 μονάς
249 1230 340 1296 ἐστιν
368 1228 386 1297 ὁ
410 1237 457 1298 Η·
494 1228 639 1317 ἀρνθμὸς
667 1229 741 1318 ἀρα.
786 1231 842 1297 καὶ
870 1233 944 1298 ἐπεί
963 1232 1055 1297 ἐστιν
1083 1227 1129 1309 ὡς

63 1359 95 1407 10
114 1334 151 1402 τὸ
176 1332 241 1402 ἀπὸ
264 1338 323 1421 τής
344 1347 376 1403 A
400 1336 483 1423 πρὸς
505 1336 543 1405 τὸ
566 1334 627 1405 ἀττῖ
654 1341 713 1424 τής
736 1344 776 1423 Β,
802 1336 908 1413 οὕτως
932 1335 951 1402 ὁ
974 1334 1040 1403 ἀπὸ
1065 1343 1129 1404 ΕΖ

114 1438 196 1528 πρὸς
223 1440 284 1508 τὸν
312 1439 377 1510 ἀπὸ
404 1449 467 1511 τοῦ
489 1451 539 1529 Η,
570 1445 626 1511 καὶ
654 1441 821 1511 ἀνάπαλιν
850 1439 896 1520 ὥς
918 1439 955 1509 τὸ
980 1439 1048 1508 ἀπὸ
1071 1445 1130 1527 τῆς

114 1555 143 1614 Β
166 1545 250 1633 πρὸς
271 1546 310 1615 τὸ
333 1545 399 1616 ἀπὸ
421 1554 479 1635 τής
498 1560 541 1634 A,
565 1547 671 1628 οὕτως
694 1548 712 1616 ὁ
736 1545 801 1616 ἀπὸ
823 1551 885 1615 τοῦ
904 1554 943 1615 Η
962 1544 1047 1634 πρὸς
1070 1548 1128 1615 τὸν

115 1651 181 1721 ἀπὸ
205 1658 265 1722 τοῦ
286 1660 357 1740 ΕΖ,
381 1668 494 1743 μετρεῖ
515 1653 551 1723 δὲ
574 1653 612 1722 τὸ
636 1653 701 1722 ἀπὸ
724 1658 783 1741 τής
806 1661 834 1721 Β
858 1651 895 1721 τὸ
919 1652 984 1721 ἀπὸ
1008 1657 1069 1740 τῆς
1087 1664 1129 1739 A,

115 1773 229 1847 μετρεῖ
249 1759 314 1848 ἀρα
337 1762 392 1828 καὶ
418 1759 435 1829 ὁ
459 1760 524 1830 ἀπὸ
544 1765 605 1828 τοῦ
624 1768 664 1829 Η
681 1759 887 1848 τετράγωνος
905 1758 965 1827 τὸν
985 1757 1050 1827 ἀπὸ
1069 1763 1130 1827 τοῦ

64 1888 96 1936 15
115 1872 194 1932 EZ·
231 1863 315 1934 ὥστε
341 1862 397 1935 καὶ
425 1865 446 1955 ή
474 1866 600 1956 πλευρὰ
629 1865 712 1953 αὐτὴ
741 1865 759 1934 ὁ
782 1872 821 1933 Η
838 1863 898 1933 τὸν
924 1872 985 1932 ΕΖ
1008 1878 1131 1952 μετρεῖ.

115 1985 228 2059 μετρεῖ
260 1972 296 2040 δέ
329 1973 384 2040 καὶ
412 1972 534 2041 ἑαυτὸν
562 1971 580 2040 ὁ
604 1981 650 2039 H·
693 1971 772 2040 ὁΗ
796 1970 861 2059 ἀρα
887 1970 967 2050 τοὺς
994 1977 1073 2057 ΕΖ,
1096 1977 1136 2037 Η

116 2089 230 2163 μετρεῖ
259 2077 411 2165 πρώτους
444 2077 543 2158 ὄντας
579 2078 663 2165 πρὸς
699 2075 877 2164 ἀλλήλους·
923 2074 1004 2164 ὅπερ
1039 2076 1130 2143 ἐστὶν

118 2179 296 2249 ἀδύνατον.
311 2183 389 2269 ,οὐκ
407 2182 473 2270 ἀρα
492 2182 679 2272 σύμμετρός
703 2187 792 2252 ἐστιν
811 2182 832 2270 ή
853 2193 885 2251 Α
906 2185 947 2270 νή
968 2189 997 2248 Β
1022 2182 1131 2268 μήκει·

118 2286 326 2385 ἀσύμμετρος
349 2285 414 2376 ἀρα
438 2291 541 2357 ἐστίν·
572 2288 651 2378 ὅπερ
675 2295 743 2358 ἔδει
767 2292 881 2370 δεῖξαι.

65 2631 99 2678 20
533 2606 716 2694 Σχόλιον.

186 2709 395 2799 Εὑρήμένων
422 2711 464 2799 δὴ
492 2717 560 2781 τῶν
593 2713 689 2800 μήκει
721 2709 941 2799 ἀσυμμέτρων
974 2709 1133 2799 εὐθειῶν,

119 2815 163 2896 ὡς
181 2820 249 2884 τῶν
267 2828 310 2903 Α,
328 2824 368 2901 Β,
393 2817 578 2906 εὑρίσκεται
600 2819 656 2886 καὶ
680 2816 764 2885 ἀλλα
787 2826 924 2886 πλεῖστοι
946 2819 1073 2906 μεγέθη
1097 2822 1133 2888 έν

120 2923 182 2991 δύο
198 2923 416 3011 διαστάσεων,
435 2926 520 3011 λέγω
536 2923 577 3011 δή
594 2927 742 3009 ἐπίπεδα,
757 2922 950 3011 ἀσύμμετρα
965 2922 1132 3012 ἀλλήλοις.

119 3028 178 3098 ἐὰν
202 3028 266 3117 γὰρ
289 3034 357 3098 τῶν
375 3041 418 3116 Α,
436 3038 466 3098 Β
489 3030 633 3099 εὐθειῶν
656 3033 760 3117 μέσην
785 3029 954 3116 ἀνάλονον
976 3030 1134 3119 λάβωμεν

66 3160 100 3208 25
119 3136 180 3223 τήν
204 3142 243 3222 Γ,
266 3142 356 3204 ἔσται
381 3134 425 3217 ὡς
447 3135 468 3224 ή
493 3147 525 3205 Α
546 3136 628 3224 πρὸς
650 3137 712 3224 τήν
735 3142 776 3224 Β,
799 3135 904 3216 οὕτως
922 3135 959 3204 τὸ
985 3135 1051 3205 ἀπὸ
1075 3141 1135 3224 τής

119 3274 332 3285 -ῄ

192 3337 233 3388 28.
253 3331 328 3387 Post.
347 3349 388 3388 nr.
408 3337 441 3386 27
461 3330 600 3386 PBFVb.

120 3449 332 3459 ——-

184 3513 207 3563 1.
236 3505 403 3581 elolPVb,
427 3525 519 3582 comp.
536 3507 571 3564 F.
651 3500 708 3561 ’ἀεί’
730 3507 840 3574 πρῶτον
863 3507 894 3560 Β,
970 3512 998 3562 8,
1016 3501 1134 3576 ὁῙήΒ.

136 3573 205 3651 τόν]
223 3577 278 3652 τήν
296 3580 353 3640 Pb.
434 3590 462 3640 4.
483 3579 531 3657 τό]
552 3575 568 3637 ὁ
587 3580 620 3637 P.
696 3573 813 3648 ¹⁶&sz
828 3574 865 3626 Y.
934 3573 1003 3637 τοίλ
1013 3576 1145 3636 τὴςῖἳ.
