2414 3832
89 169 156 234 304
475 173 677 224 ντοοτσιοα
696 167 722 224 ι’.

88 320 147 380 ΑΙ
168 322 213 403 τῷ
234 318 309 396 ΖΚ,
333 310 546 400 ἀσύμμετρον
570 311 635 400 ἄρα
658 312 713 380 καὶ
741 310 778 380 τὸ
803 310 867 380 ἀπὸ
892 323 951 398 τῆς
971 319 1040 380 ΛΟ
1063 319 1111 408 τῷ

88 417 154 486 ἀπὸ
178 422 236 505 τής
261 425 342 486 ΟΝ·
380 422 418 486 αί
438 424 518 504 ΛΟ,
545 425 616 486 ΟΝ
636 417 701 508 ἄρα
725 417 868 505 δυνάμει
891 419 978 486 είσλν
1001 419 1112 508 ἀσύμ-

88 552 203 615 μετροι
226 531 386 594 ποιοῦσαι
408 525 448 594 τό
470 551 505 594 τε
529 531 749 612 συγκείμενον
768 527 804 594 ἐκ
825 528 894 593 τῶν
918 522 973 592 ἀπ’
992 525 1110 596 αὐτῶν

88 632 309 722 τετραγώνων
332 633 436 720 μέσον
458 633 514 700 καὶ
537 631 575 701 τὸ
596 633 648 712 δὶς
666 629 722 700 ὑπ’
745 631 858 701 αὐτῶν
876 634 980 718 μέσον
1004 638 1056 701 ἔτι
1075 659 1111 703 τε

54 742 129 807 σιὰ
150 741 205 808 ἀπ’
225 738 338 808 αὐτῶν
357 738 549 828 τετράγωνα
564 737 758 827 ἀσύμμετρα
776 749 822 830 τῷ
842 739 895 820 θὶς
907 735 965 806 ὑπ’
984 739 1112 810 αὐτῶν.

89 843 109 933 ή
143 845 209 934 ἄρα
238 853 312 914 ΛΝ
341 844 463 932 ἄλογός
490 847 580 914 ἐστιν
612 843 633 932 ή
666 846 856 932 καλουμένη
888 844 969 932 μετὰ
1002 848 1111 932 μέσον

89 952 192 1039 μέσον
215 955 252 1020 τὸ
279 949 361 1020 ὅλον
384 955 542 1020 ποιοῦσα·
574 951 630 1018 καὶ
655 953 797 1019 δύναται
819 950 857 1020 τὸ
882 959 947 1020 AB
970 960 1109 1040 χωρίον.

153 1055 198 1125 Ἡ
217 1056 282 1141 ἄρα
305 1056 343 1126 τὸ
367 1063 491 1143 χωρίον
516 1059 686 1144 δυναμένη
710 1061 791 1144 μετὰ
813 1059 918 1145 μέσου
940 1062 1048 1146 μέσον
1071 1063 1110 1129 τὸ

90 1164 172 1231 ὅλον
195 1163 339 1231 ποιοῦσά
364 1165 467 1232 ἐστιν·
496 1161 577 1250 ὅπερ
602 1167 669 1232 έθει
694 1167 808 1246 δείξαι.

38 1391 70 1439 ιο
570 1377 628 1458 (ιζ’.

155 1507 204 1569 Το
234 1497 308 1568 ἀπὸ
338 1495 539 1589 ἀποτομῆς
566 1501 669 1586 παρὰ
697 1501 822 1590 ῥητήν
852 1507 1111 1590 παραβαλλό-

88 1633 209 1694 μενον
233 1607 378 1688 πλάτος
401 1621 509 1676 ποιεί
530 1606 735 1696 ἀποτομήν
759 1608 926 1696 πρωτην.

146 1712 256 1783 Ἔστω
280 1711 430 1801 ἀποτομή
455 1713 475 1802 ἡ
496 1722 573 1802 ΑΒ,
598 1714 680 1803 βήτή
704 1715 741 1784 δὲ
764 1712 784 1801 ή
804 1720 876 1801 ΓΔ,
900 1716 1020 1807 καὶτῷ
1041 1717 1108 1787 ἀπὸ

90 1826 148 1907 τής
176 1829 241 1890 ΑΒ
270 1829 345 1909 ίσον
372 1820 462 1908 παρὰ
490 1821 553 1909 τήν
581 1827 648 1890 ΓΔ
679 1822 948 1910 παραβεβλήσθω
976 1821 1014 1890 τὸ
1045 1831 1112 1894 ΓΕ

38 1957 69 2005 15
89 1927 212 2006 πλοίτος
235 1932 358 1995 ποιοῦν
376 1930 436 2015 τήν
455 1934 529 1995 ΓΖ·
553 1928 649 2013 λέγω,
674 1927 724 1996 ὅτι
745 1925 765 2015 ή
786 1934 847 1996 ΓΖ
866 1926 1016 2015 ἀποτομή
1038 1932 1109 1999 ἐστι

88 2033 210 2120 προίτή.

146 2137 254 2206 Ἔστω
278 2138 342 2224 γὰρ
365 2143 404 2226 τή
429 2146 494 2207 ΑΒ
517 2139 795 2227 προσαρμόζουσα
818 2139 838 2228 ή
863 2148 943 2209 ΒΗ·
980 2143 1017 2208 αί
1039 2141 1108 2228 ίίρα

89 2252 175 2330 ΑΗ,
201 2252 270 2313 ΗΒ
298 2247 396 2333 ῥηταί
422 2251 485 2314 είσι
515 2246 657 2334 δυνάμει
681 2249 788 2335 μόνον
812 2246 1002 2335 σύμμετροι.
1051 2250 1107 2316 καὶ

88 2356 134 2445 τῷ
150 2352 212 2439 μὲν
230 2352 295 2422 ἀπὸ
314 2363 373 2440 τῆς
387 2363 418 2422 Α
424 2361 462 2421 Η
478 2362 553 2421 ίσον
571 2353 661 2442 παρὰ
676 2353 737 2441 τήν
751 2360 815 2422 ΓΔ
832 2350 1107 2442 παραβεβλήσθω

36 2458 126 2534 νοτό
149 2466 219 2547 ΓΘ,
243 2464 287 2551 τῷ
314 2461 351 2529 δὲ
374 2458 438 2529 ἀπὸ
463 2472 521 2548 τῆς
540 2468 614 2528 ΒΗ
630 2460 668 2528 τὸ
688 2468 767 2530 ΚΛ.
804 2459 1107 2548 ὅλονίίρατὸΓΛ
1199 2466 1202 2527 ἰ

90 2575 166 2634 ίσον
189 2567 258 2635 ἐστὶ
281 2580 351 2646 τοῖς
374 2565 439 2635 ἀπὸ
467 2571 535 2635 τῶν
563 2574 649 2653 ΑΗ,
673 2573 755 2635 ΗΒ·
798 2559 846 2635 ὧν
875 2567 912 2634 τὸ
937 2573 1002 2635 ΓΕ
1029 2575 1107 2636 ίσον
1199 2652 1202 2667 Ι

90 2671 159 2739 ἐστὶ
181 2676 226 2763 τῷ
251 2670 315 2741 ἀπὸ
340 2678 398 2760 τῆς
421 2681 498 2741 ΑΒ·
540 2674 661 2742 λοιπὸν
690 2672 756 2761 ἄρα
783 2672 821 2742 τὸ
847 2681 911 2741 ΖΛ
935 2683 1011 2742 ίσον
1035 2674 1107 2742 ἐστὶ
1198 2674 1202 2695 ’

89 2783 146 2871 τῷ·
164 2780 215 2859 θὶς
241 2778 310 2847 ὑπὸ
337 2784 404 2847 τῶν
433 2787 518 2866 ΑΗ,
543 2787 620 2848 ΗΒ.
670 2780 846 2867 τετμήσθω
873 2777 894 2866 ή
925 2787 1002 2847 ΖΜ
1027 2784 1106 2868 δίχα

89 2883 172 2952 κατὰ
204 2884 241 2952 τὸ
271 2892 310 2952 Ν
337 2898 492 2973 σημεῖον,
524 2888 581 2955 καὶ
613 2885 709 2974 ήχθω
741 2885 797 2953 διὰ
825 2889 886 2954 τοῦ
910 2892 949 2953 Ν
973 2890 1014 2976 τῇ
1038 2891 1107 2954 ΓΔ

38 3017 72 3066 25
91 2990 304 3079 παράλληλος
336 2988 356 3079 ή
390 2994 469 3069 ΝΞ·
499 3028 500 3031 “
525 2992 683 3077 ἑκάτερον
721 2991 786 3081 ἄρα
822 2997 890 3061 τῶν
930 2994 1006 3078 ΖΞ,
1035 2999 1111 3062 ΛΝ

91 3106 166 3166 ίσον
194 3099 262 3166 ἐστὶ
289 3101 335 3190 τῷ
363 3093 429 3167 ὑπὸ
459 3102 526 3166 τῶν
554 3098 640 3185 ἈΗ,
665 3105 740 3168 ΗΒ.
786 3100 841 3166 καὶ
870 3099 940 3167 ἐπεὶ
967 3097 1007 3165 τὰ
1040 3097 1106 3168 νἰπό

161 3316 186 3366 2.
207 3313 278 3383 ON]
294 3313 393 3382 (prius)
409 3314 465 3368 ΝΟ
474 3311 504 3367 Ρ.
560 3320 585 3368 3.
604 3312 647 3384 τε]
667 3311 719 3381 μέν
733 3311 847 3368 BFVb.
902 3313 1091 3383 συγκείμενον

89 3397 126 3432 m.
146 3386 161 3433 2
181 3381 214 3435 V.
274 3388 299 3437 4.
319 3384 383 3454 καί]
405 3383 592 3439 ins.m.1V.
652 3383 704 3454 ἔτι]
727 3384 874 3441 ε-ἰιιτειε.
893 3383 926 3438 V.
990 3389 1094 3441 6.Λ.Ν

81 3464 151 3504 corr.
173 3468 211 3507 ex
226 3452 336 3512 ANB.
409 3460 434 3511 7.
452 3454 587 3510 ποιοῦσαι
606 3474 636 3524 φ.
701 3460 726 3508 8.
746 3455 862 3525 χωρίον]
881 3458 929 3508 ΑΒ
949 3455 1033 3523 BFb,
1053 3462 1107 3512 AB

60 3522 179 3592 κωμίον
201 3525 230 3583 V,
312 3533 336 3584 9.
360 3520 433 3601 ὅπερ
461 3525 523 3585 ἔδει
548 3527 662 3595 δεῖξαιή
679 3524 784 3578 :NR
853 3531 901 3574 U·
919 3521 1112 3591 &ssfflm'ss-
