<?xml version="1.0" encoding="UTF-8"?>
<!DOCTYPE html PUBLIC "-//W3C//DTD XHTML 1.0 Transitional//EN"
    "http://www.w3.org/TR/xhtml1/DTD/xhtml1-transitional.dtd">
<html xmlns="http://www.w3.org/1999/xhtml" xml:lang="en" lang="en">
 <head>
  <title>
</title>
<meta http-equiv="Content-Type" content="text/html;charset=utf-8" />
  <meta name='ocr-system' content='tesseract 3.04.00' />
  <meta name='ocr-capabilities' content='ocr_page ocr_carea ocr_par ocr_line ocrx_word'/>
</head>
<body>
  <div class='ocr_page' id='page_1' title='image "./euclidisoperaom17unkngoog_0398.png"; bbox 0 0 2414 3832; ppageno 0'>
   <div class='ocr_carea' id='block_1_1' title="bbox 140 194 743 258">
    <p class='ocr_par' dir='ltr' id='par_1_1' title="bbox 140 194 743 258">
     <span class='ocr_line' id='line_1_1' title="bbox 140 194 743 258; baseline -0.02 0"><span class='ocrx_word' id='word_1_1' title='bbox 140 194 205 258; x_wconf 86' lang='lat'><em>386</em></span> <span class='ocrx_word' id='word_1_2' title='bbox 555 194 743 246; x_wconf 72' lang='grc' dir='ltr'><em>ΑΡΡΕΝυΙΧ.</em></span> 
     </span>
    </p>
   </div>
   <div class='ocr_carea' id='block_1_2' title="bbox 60 332 1155 1595">
    <p class='ocr_par' dir='ltr' id='par_1_2' title="bbox 60 332 1155 1595">
     <span class='ocr_line' id='line_1_2' title="bbox 139 332 1153 424; baseline -0.001 -21"><span class='ocrx_word' id='word_1_3' title='bbox 139 334 346 422; x_wconf 79' lang='grc' dir='ltr'><em>ἀσύμμετροί</em></span> <span class='ocrx_word' id='word_1_4' title='bbox 357 339 422 403; x_wconf 79' lang='grc' dir='ltr'><em>εἰσι</em></span> <span class='ocrx_word' id='word_1_5' title='bbox 436 345 476 423; x_wconf 76' lang='grc' dir='ltr'><em>τῇ</em></span> <span class='ocrx_word' id='word_1_6' title='bbox 496 336 590 422; x_wconf 77' lang='grc' dir='ltr'><em>μέσῃ,</em></span> <span class='ocrx_word' id='word_1_7' title='bbox 615 333 757 420; x_wconf 76' lang='grc' dir='ltr'><em>δυνάμει</em></span> <span class='ocrx_word' id='word_1_8' title='bbox 776 334 814 402; x_wconf 75' lang='grc' dir='ltr'><em>δὲ</em></span> <span class='ocrx_word' id='word_1_9' title='bbox 832 332 938 421; x_wconf 91' lang='grc' dir='ltr'><em>μόνον</em></span> <span class='ocrx_word' id='word_1_10' title='bbox 959 334 1153 424; x_wconf 86' lang='grc' dir='ltr'><em>σύμμετροι,</em></span> 
     </span>
     <span class='ocr_line' id='line_1_3' title="bbox 138 437 1154 528; baseline 0.002 -20"><span class='ocrx_word' id='word_1_11' title='bbox 138 442 194 508; x_wconf 81' lang='grc' dir='ltr'><em>καὶ</em></span> <span class='ocrx_word' id='word_1_12' title='bbox 217 442 371 527; x_wconf 88' lang='grc' dir='ltr'><em>λέγονται</em></span> <span class='ocrx_word' id='word_1_13' title='bbox 394 441 495 509; x_wconf 86' lang='grc' dir='ltr'><em>πάλιν</em></span> <span class='ocrx_word' id='word_1_14' title='bbox 519 440 615 527; x_wconf 83' lang='grc' dir='ltr'><strong><em>μέσαι</em></strong></span> <span class='ocrx_word' id='word_1_15' title='bbox 639 438 695 507; x_wconf 87' lang='grc' dir='ltr'><em>διὰ</em></span> <span class='ocrx_word' id='word_1_16' title='bbox 717 437 755 507; x_wconf 89' lang='grc' dir='ltr'><em>τὸ</em></span> <span class='ocrx_word' id='word_1_17' title='bbox 779 439 961 528; x_wconf 85' lang='grc' dir='ltr'><em>σύμμετροι</em></span> <span class='ocrx_word' id='word_1_18' title='bbox 985 439 1074 509; x_wconf 82' lang='grc' dir='ltr'><em>εἶναι</em></span> <span class='ocrx_word' id='word_1_19' title='bbox 1100 446 1154 510; x_wconf 90' lang='grc' dir='ltr'><em>δυ-</em></span> 
     </span>
     <span class='ocr_line' id='line_1_4' title="bbox 139 545 1152 639; baseline -0.001 -23"><span class='ocrx_word' id='word_1_20' title='bbox 139 547 237 635; x_wconf 89' lang='grc' dir='ltr'><em>νάμει</em></span> <span class='ocrx_word' id='word_1_21' title='bbox 268 559 308 639; x_wconf 79' lang='grc' dir='ltr'><em>τῇ</em></span> <span class='ocrx_word' id='word_1_22' title='bbox 341 549 424 636; x_wconf 82' lang='grc' dir='ltr'><em>μέσγ</em></span> <span class='ocrx_word' id='word_1_23' title='bbox 457 548 512 615; x_wconf 81' lang='grc' dir='ltr'><em>καὶ</em></span> <span class='ocrx_word' id='word_1_24' title='bbox 541 546 722 635; x_wconf 82' lang='grc' dir='ltr'><em>σύμμετροι</em></span> <span class='ocrx_word' id='word_1_25' title='bbox 754 545 838 634; x_wconf 82' lang='grc' dir='ltr'><em>πρὸς</em></span> <span class='ocrx_word' id='word_1_26' title='bbox 869 545 1029 634; x_wconf 81' lang='grc' dir='ltr'><em>ἀλλήλας,</em></span> <span class='ocrx_word' id='word_1_27' title='bbox 1062 558 1152 617; x_wconf 91' lang='grc' dir='ltr'><em>καθο</em></span> 
     </span>
     <span class='ocr_line' id='line_1_5' title="bbox 139 651 1153 743; baseline 0 -20"><span class='ocrx_word' id='word_1_28' title='bbox 139 656 247 742; x_wconf 92' lang='grc' dir='ltr'><em>μέσαι,</em></span> <span class='ocrx_word' id='word_1_29' title='bbox 266 652 350 723; x_wconf 81' lang='grc' dir='ltr'><strong><em>ἀλλὰ</em></strong></span> <span class='ocrx_word' id='word_1_30' title='bbox 366 654 547 742; x_wconf 87' lang='grc' dir='ltr'><em>σύμμετροι</em></span> <span class='ocrx_word' id='word_1_31' title='bbox 566 652 649 743; x_wconf 79' lang='grc' dir='ltr'><em>πρὸς</em></span> <span class='ocrx_word' id='word_1_32' title='bbox 664 651 810 740; x_wconf 79' lang='grc' dir='ltr'><strong><em>ἀλλήλας</em></strong></span> <span class='ocrx_word' id='word_1_33' title='bbox 824 652 899 741; x_wconf 86' lang='grc' dir='ltr'><em>ήτοι</em></span> <span class='ocrx_word' id='word_1_34' title='bbox 913 655 1008 742; x_wconf 80' lang='grc' dir='ltr'><em>μήκει</em></span> <span class='ocrx_word' id='word_1_35' title='bbox 1023 653 1153 741; x_wconf 81' lang='grc' dir='ltr'><em>δηλαδή</em></span> 
     </span>
     <span class='ocr_line' id='line_1_6' title="bbox 104 758 1154 849; baseline -0.004 -16"><span class='ocrx_word' id='word_1_36' title='bbox 104 763 194 833; x_wconf 74' lang='grc' dir='ltr'><em>ὁκαὶ</em></span> <span class='ocrx_word' id='word_1_37' title='bbox 218 766 358 849; x_wconf 79' lang='grc' dir='ltr'><em>δυνάμει</em></span> <span class='ocrx_word' id='word_1_38' title='bbox 381 758 403 849; x_wconf 85' lang='grc' dir='ltr'><em>ή</em></span> <span class='ocrx_word' id='word_1_39' title='bbox 428 759 568 847; x_wconf 78' lang='grc' dir='ltr'><em>δυνάμει</em></span> <span class='ocrx_word' id='word_1_40' title='bbox 591 763 707 848; x_wconf 92' lang='grc' dir='ltr'><em>μόνον.</em></span> <span class='ocrx_word' id='word_1_41' title='bbox 752 762 808 828; x_wconf 81' lang='grc' dir='ltr'><em>καλ</em></span> <span class='ocrx_word' id='word_1_42' title='bbox 832 765 863 828; x_wconf 83' lang='grc' dir='ltr'><em>εἰ</em></span> <span class='ocrx_word' id='word_1_43' title='bbox 885 760 946 848; x_wconf 73' lang='grc' dir='ltr'><em>μὲν</em></span> <span class='ocrx_word' id='word_1_44' title='bbox 969 759 1083 848; x_wconf 89' lang='grc' dir='ltr'><em>μήκει,</em></span> <span class='ocrx_word' id='word_1_45' title='bbox 1107 763 1154 830; x_wconf 86' lang='grc' dir='ltr'><em>λε’-</em></span> 
     </span>
     <span class='ocr_line' id='line_1_7' title="bbox 138 859 1154 956; baseline -0.001 -20"><span class='ocrx_word' id='word_1_46' title='bbox 138 894 255 956; x_wconf 85' lang='grc' dir='ltr'><em>γονται</em></span> <span class='ocrx_word' id='word_1_47' title='bbox 273 868 328 936; x_wconf 81' lang='grc' dir='ltr'><em>καὶ</em></span> <span class='ocrx_word' id='word_1_48' title='bbox 348 859 446 935; x_wconf 83' lang='grc' dir='ltr'><em>αὗται</em></span> <span class='ocrx_word' id='word_1_49' title='bbox 464 869 561 953; x_wconf 81' lang='grc' dir='ltr'><em>μέσαι</em></span> <span class='ocrx_word' id='word_1_50' title='bbox 580 866 675 954; x_wconf 80' lang='grc' dir='ltr'><em>μήκει</em></span> <span class='ocrx_word' id='word_1_51' title='bbox 695 865 876 955; x_wconf 85' lang='grc' dir='ltr'><em>σύμμετροι</em></span> <span class='ocrx_word' id='word_1_52' title='bbox 895 867 1063 954; x_wconf 79' lang='grc' dir='ltr'><em>ἑπομένου</em></span> <span class='ocrx_word' id='word_1_53' title='bbox 1080 873 1154 954; x_wconf 88' lang='grc' dir='ltr'><em>τοῦ,</em></span> 
     </span>
     <span class='ocr_line' id='line_1_8' title="bbox 139 971 1153 1061; baseline 0.001 -19"><span class='ocrx_word' id='word_1_54' title='bbox 139 973 190 1043; x_wconf 82' lang='grc' dir='ltr'><em>ὅτι</em></span> <span class='ocrx_word' id='word_1_55' title='bbox 212 975 268 1043; x_wconf 78' lang='grc' dir='ltr'><em>καὶ</em></span> <span class='ocrx_word' id='word_1_56' title='bbox 292 976 445 1060; x_wconf 88' lang='grc' dir='ltr'><em>δυνάμει·</em></span> <span class='ocrx_word' id='word_1_57' title='bbox 470 977 501 1040; x_wconf 76' lang='grc' dir='ltr'><em>εἰ</em></span> <span class='ocrx_word' id='word_1_58' title='bbox 523 972 560 1039; x_wconf 74' lang='grc' dir='ltr'><em>δὲ</em></span> <span class='ocrx_word' id='word_1_59' title='bbox 584 971 724 1059; x_wconf 86' lang='grc' dir='ltr'><em>δυνάμει</em></span> <span class='ocrx_word' id='word_1_60' title='bbox 746 972 855 1060; x_wconf 90' lang='grc' dir='ltr'><em>μόνον</em></span> <span class='ocrx_word' id='word_1_61' title='bbox 873 973 938 1040; x_wconf 80' lang='grc' dir='ltr'><em>εἰσὶ</em></span> <span class='ocrx_word' id='word_1_62' title='bbox 957 971 1153 1061; x_wconf 86' lang='grc' dir='ltr'><em>σύμμετροι,</em></span> 
     </span>
     <span class='ocr_line' id='line_1_9' title="bbox 138 1077 1153 1169; baseline 0 -20"><span class='ocrx_word' id='word_1_63' title='bbox 138 1083 293 1168; x_wconf 85' lang='grc' dir='ltr'><em>λέγονται</em></span> <span class='ocrx_word' id='word_1_64' title='bbox 315 1080 371 1147; x_wconf 79' lang='grc' dir='ltr'><em>καὶ</em></span> <span class='ocrx_word' id='word_1_65' title='bbox 395 1077 503 1158; x_wconf 78' lang='grc' dir='ltr'><em>οὕτως</em></span> <span class='ocrx_word' id='word_1_66' title='bbox 529 1079 626 1164; x_wconf 85' lang='grc' dir='ltr'><em>μέσαι</em></span> <span class='ocrx_word' id='word_1_67' title='bbox 655 1077 796 1165; x_wconf 90' lang='grc' dir='ltr'><em>δυνάμει</em></span> <span class='ocrx_word' id='word_1_68' title='bbox 824 1079 931 1165; x_wconf 89' lang='grc' dir='ltr'><em>μόνον</em></span> <span class='ocrx_word' id='word_1_69' title='bbox 960 1078 1153 1169; x_wconf 83' lang='grc' dir='ltr'><em>σύμμετροι.</em></span> 
     </span>
     <span class='ocr_line' id='line_1_10' title="bbox 197 1183 1151 1272; baseline 0 -20"><span class='ocrx_word' id='word_1_70' title='bbox 197 1185 267 1253; x_wconf 80' lang='grc' dir='ltr'><em>Ὅτι</em></span> <span class='ocrx_word' id='word_1_71' title='bbox 291 1186 328 1254; x_wconf 73' lang='grc' dir='ltr'><em>δὲ</em></span> <span class='ocrx_word' id='word_1_72' title='bbox 352 1188 388 1252; x_wconf 78' lang='grc' dir='ltr'><em>αλ</em></span> <span class='ocrx_word' id='word_1_73' title='bbox 410 1186 506 1271; x_wconf 87' lang='grc' dir='ltr'><em>μέσαι</em></span> <span class='ocrx_word' id='word_1_74' title='bbox 530 1184 716 1272; x_wconf 83' lang='grc' dir='ltr'><em>σύμμετροί</em></span> <span class='ocrx_word' id='word_1_75' title='bbox 735 1190 836 1271; x_wconf 82' lang='grc' dir='ltr'><em>εἰσιν,</em></span> <span class='ocrx_word' id='word_1_76' title='bbox 863 1183 969 1265; x_wconf 79' lang='grc' dir='ltr'><em>οὕτως</em></span> <span class='ocrx_word' id='word_1_77' title='bbox 992 1186 1151 1254; x_wconf 89' lang='grc' dir='ltr'><em>δεικτέον.</em></span> 
     </span>
     <span class='ocr_line' id='line_1_11' title="bbox 87 1290 1154 1385; baseline -0.006 -20"><span class='ocrx_word' id='word_1_78' title='bbox 87 1317 119 1364; x_wconf 83' lang='grc'><em>10</em></span> <span class='ocrx_word' id='word_1_79' title='bbox 139 1291 208 1360; x_wconf 79' lang='grc' dir='ltr'><em>ἐπεὶ</em></span> <span class='ocrx_word' id='word_1_80' title='bbox 236 1296 273 1359; x_wconf 77' lang='grc' dir='ltr'><em>αλ</em></span> <span class='ocrx_word' id='word_1_81' title='bbox 299 1293 396 1378; x_wconf 91' lang='grc' dir='ltr'><em>μέσαι</em></span> <span class='ocrx_word' id='word_1_82' title='bbox 424 1293 507 1381; x_wconf 79' lang='grc' dir='ltr'><em>μέσῃ</em></span> <span class='ocrx_word' id='word_1_83' title='bbox 535 1292 601 1359; x_wconf 79' lang='grc' dir='ltr'><em>τινὶ</em></span> <span class='ocrx_word' id='word_1_84' title='bbox 629 1291 815 1381; x_wconf 83' lang='grc' dir='ltr'><em>σύμμετροί</em></span> <span class='ocrx_word' id='word_1_85' title='bbox 839 1296 940 1378; x_wconf 77' lang='grc' dir='ltr'><em>εἰσιν,</em></span> <span class='ocrx_word' id='word_1_86' title='bbox 972 1290 1013 1359; x_wconf 80' lang='grc' dir='ltr'><em>τὰ</em></span> <span class='ocrx_word' id='word_1_87' title='bbox 1042 1291 1081 1360; x_wconf 72' lang='grc' dir='ltr'><em>δὲ</em></span> <span class='ocrx_word' id='word_1_88' title='bbox 1108 1297 1154 1385; x_wconf 78' lang='grc' dir='ltr'><em>τῷ</em></span> 
     </span>
     <span class='ocr_line' id='line_1_12' title="bbox 60 1395 1155 1491; baseline 0.002 -26"><span class='ocrx_word' id='word_1_89' title='bbox 60 1449 64 1458; x_wconf 85' lang='grc'>.</span> <span class='ocrx_word' id='word_1_90' title='bbox 138 1395 227 1491; x_wconf 78' lang='grc' dir='ltr'><em>αὐτῷ</em></span> <span class='ocrx_word' id='word_1_91' title='bbox 257 1399 427 1486; x_wconf 82' lang='grc' dir='ltr'><em>σύμμετρα</em></span> <span class='ocrx_word' id='word_1_92' title='bbox 453 1399 509 1465; x_wconf 78' lang='grc' dir='ltr'><em>καὶ</em></span> <span class='ocrx_word' id='word_1_93' title='bbox 537 1397 694 1486; x_wconf 79' lang='grc' dir='ltr'><em>ἀλλήλοις</em></span> <span class='ocrx_word' id='word_1_94' title='bbox 721 1398 790 1466; x_wconf 82' lang='grc' dir='ltr'><em>ἐστὶ</em></span> <span class='ocrx_word' id='word_1_95' title='bbox 814 1397 998 1485; x_wconf 84' lang='grc' dir='ltr'><em>σύμμετρα,</em></span> <span class='ocrx_word' id='word_1_96' title='bbox 1028 1401 1065 1466; x_wconf 81' lang='grc' dir='ltr'><em>αλ</em></span> <span class='ocrx_word' id='word_1_97' title='bbox 1088 1397 1155 1488; x_wconf 84' lang='grc' dir='ltr'><em>άρα</em></span> 
     </span>
     <span class='ocr_line' id='line_1_13' title="bbox 138 1504 559 1595; baseline 0.002 -23"><span class='ocrx_word' id='word_1_98' title='bbox 138 1507 235 1594; x_wconf 88' lang='grc' dir='ltr'><em>μέσαι</em></span> <span class='ocrx_word' id='word_1_99' title='bbox 258 1504 444 1595; x_wconf 83' lang='grc' dir='ltr'><em>σύμμετροί</em></span> <span class='ocrx_word' id='word_1_100' title='bbox 464 1510 559 1573; x_wconf 79' lang='grc' dir='ltr'><em>εἰσιν.</em></span> 
     </span>
    </p>
   </div>
   <div class='ocr_carea' id='block_1_3' title="bbox 450 1737 839 1927">
    <p class='ocr_par' dir='ltr' id='par_1_3' title="bbox 450 1737 839 1927">
     <span class='ocr_line' id='line_1_14' title="bbox 450 1737 839 1927; baseline -0.005 -19"><span class='ocrx_word' id='word_1_101' title='bbox 450 1844 501 1908; x_wconf 88' lang='lat' dir='ltr'><em>Ad</em></span> <span class='ocrx_word' id='word_1_102' title='bbox 524 1844 597 1909; x_wconf 86' lang='lat' dir='ltr'><strong>libr.</strong></span> <span class='ocrx_word' id='word_1_103' title='bbox 619 1737 660 1906; x_wconf 86' lang='lat' dir='ltr'><em>X9</em></span> <span class='ocrx_word' id='word_1_104' title='bbox 672 1865 763 1927; x_wconf 90' lang='lat' dir='ltr'><strong>prop.</strong></span> <span class='ocrx_word' id='word_1_105' title='bbox 787 1844 839 1908; x_wconf 79' lang='lat'><em>27.</em></span> 
     </span>
    </p>
   </div>
   <div class='ocr_carea' id='block_1_4' title="bbox 83 1971 1155 3151">
    <p class='ocr_par' dir='ltr' id='par_1_4' title="bbox 205 1971 1151 2198">
     <span class='ocr_line' id='line_1_15' title="bbox 570 1971 719 2051; baseline 0.007 -21"><span class='ocrx_word' id='word_1_106' title='bbox 570 1971 719 2051; x_wconf 81' lang='grc' dir='ltr'><em>Λῆμμα.</em></span> 
     </span>
     <span class='ocr_line' id='line_1_16' title="bbox 205 2104 1151 2198; baseline 0.003 -24"><span class='ocrx_word' id='word_1_107' title='bbox 205 2107 279 2174; x_wconf 85' lang='grc' dir='ltr'><em>Δύο</em></span> <span class='ocrx_word' id='word_1_108' title='bbox 313 2104 470 2194; x_wconf 77' lang='grc' dir='ltr'><em>ἀριθμῶν</em></span> <span class='ocrx_word' id='word_1_109' title='bbox 503 2105 676 2173; x_wconf 81' lang='grc' dir='ltr'><em>δοθέντων</em></span> <span class='ocrx_word' id='word_1_110' title='bbox 710 2109 746 2174; x_wconf 80' lang='grc' dir='ltr'><em>ἐν</em></span> <span class='ocrx_word' id='word_1_111' title='bbox 774 2105 862 2198; x_wconf 76' lang='grc' dir='ltr'><em>λόγῳ</em></span> <span class='ocrx_word' id='word_1_112' title='bbox 892 2106 1064 2198; x_wconf 76' lang='grc' dir='ltr'><em>ὁποιῳοῦν</em></span> <span class='ocrx_word' id='word_1_113' title='bbox 1098 2111 1151 2177; x_wconf 81' lang='grc' dir='ltr'><em>καλ</em></span> 
     </span>
    </p>

    <p class='ocr_par' dir='ltr' id='par_1_5' title="bbox 85 2210 1154 2410">
     <span class='ocr_line' id='line_1_17' title="bbox 85 2210 1154 2301; baseline -0.002 -16"><span class='ocrx_word' id='word_1_114' title='bbox 85 2236 118 2285; x_wconf 81' lang='lat'><em>15</em></span> <span class='ocrx_word' id='word_1_115' title='bbox 137 2212 241 2281; x_wconf 83' lang='grc' dir='ltr'><em>άλλου</em></span> <span class='ocrx_word' id='word_1_116' title='bbox 268 2213 362 2292; x_wconf 84' lang='grc' dir='ltr'><em>τινὸς</em></span> <span class='ocrx_word' id='word_1_117' title='bbox 390 2213 468 2280; x_wconf 92' lang='grc' dir='ltr'><em>δέον</em></span> <span class='ocrx_word' id='word_1_118' title='bbox 490 2215 628 2298; x_wconf 81' lang='grc' dir='ltr'><em>ποιήσαι</em></span> <span class='ocrx_word' id='word_1_119' title='bbox 656 2210 701 2292; x_wconf 77' lang='grc' dir='ltr'><em>ὡς</em></span> <span class='ocrx_word' id='word_1_120' title='bbox 723 2211 784 2280; x_wconf 90' lang='grc' dir='ltr'><em>τὸν</em></span> <span class='ocrx_word' id='word_1_121' title='bbox 808 2210 956 2300; x_wconf 81' lang='grc' dir='ltr'><em>ἀριθμὸν</em></span> <span class='ocrx_word' id='word_1_122' title='bbox 983 2214 1069 2301; x_wconf 85' lang='grc' dir='ltr'><em>πρὸς</em></span> <span class='ocrx_word' id='word_1_123' title='bbox 1092 2214 1154 2284; x_wconf 86' lang='grc' dir='ltr'><em>τὸν</em></span> 
     </span>
     <span class='ocr_line' id='line_1_18' title="bbox 137 2318 902 2410; baseline -0.004 -20"><span class='ocrx_word' id='word_1_124' title='bbox 137 2318 290 2410; x_wconf 87' lang='grc' dir='ltr'><em>άριθμὸν</em></span> <span class='ocrx_word' id='word_1_125' title='bbox 314 2319 420 2400; x_wconf 77' lang='grc' dir='ltr'><em>οὕτως</em></span> <span class='ocrx_word' id='word_1_126' title='bbox 441 2323 563 2388; x_wconf 81' lang='grc' dir='ltr'><em>τοῦτον</em></span> <span class='ocrx_word' id='word_1_127' title='bbox 586 2318 667 2407; x_wconf 80' lang='grc' dir='ltr'><em>πρὸς</em></span> <span class='ocrx_word' id='word_1_128' title='bbox 690 2318 795 2388; x_wconf 86' lang='grc' dir='ltr'><em>άλλον</em></span> <span class='ocrx_word' id='word_1_129' title='bbox 817 2318 902 2387; x_wconf 90' lang='grc' dir='ltr'><em>τινά.</em></span> 
     </span>
    </p>

    <p class='ocr_par' dir='ltr' id='par_1_6' title="bbox 136 2422 1155 2726">
     <span class='ocr_line' id='line_1_19' title="bbox 192 2422 1155 2514; baseline 0.001 -19"><span class='ocrx_word' id='word_1_130' title='bbox 192 2426 368 2496; x_wconf 76' lang='grc' dir='ltr'><em>Ἔστωσαν</em></span> <span class='ocrx_word' id='word_1_131' title='bbox 397 2429 438 2502; x_wconf 78' lang='grc' dir='ltr'><em>οἱ,</em></span> <span class='ocrx_word' id='word_1_132' title='bbox 462 2427 621 2505; x_wconf 78' lang='grc' dir='ltr'><em>δοθέντες</em></span> <span class='ocrx_word' id='word_1_133' title='bbox 653 2425 715 2494; x_wconf 89' lang='grc' dir='ltr'><em>δύο</em></span> <span class='ocrx_word' id='word_1_134' title='bbox 748 2422 890 2514; x_wconf 81' lang='grc' dir='ltr'><em>άριθμοὶ</em></span> <span class='ocrx_word' id='word_1_135' title='bbox 920 2429 955 2495; x_wconf 78' lang='grc' dir='ltr'><em>ολ</em></span> <span class='ocrx_word' id='word_1_136' title='bbox 981 2434 1064 2513; x_wconf 91' lang='grc' dir='ltr'><em>ΑΒ,</em></span> <span class='ocrx_word' id='word_1_137' title='bbox 1088 2434 1155 2496; x_wconf 91' lang='grc' dir='ltr'><em>ΓΔ</em></span> 
     </span>
     <span class='ocr_line' id='line_1_20' title="bbox 136 2528 1153 2621; baseline 0 -19"><span class='ocrx_word' id='word_1_138' title='bbox 136 2533 240 2621; x_wconf 93' lang='grc' dir='ltr'><em>λόγον</em></span> <span class='ocrx_word' id='word_1_139' title='bbox 263 2539 394 2621; x_wconf 84' lang='grc' dir='ltr'><em>ἔχοντες</em></span> <span class='ocrx_word' id='word_1_140' title='bbox 416 2531 500 2620; x_wconf 82' lang='grc' dir='ltr'><em>πρὸς</em></span> <span class='ocrx_word' id='word_1_141' title='bbox 523 2528 688 2618; x_wconf 79' lang='grc' dir='ltr'><em>ἀλλήλους</em></span> <span class='ocrx_word' id='word_1_142' title='bbox 708 2529 900 2620; x_wconf 79' lang='grc' dir='ltr'><em>ὁποιονοῦν,</em></span> <span class='ocrx_word' id='word_1_143' title='bbox 923 2530 1024 2611; x_wconf 77' lang='grc' dir='ltr'><em>ἄλλος</em></span> <span class='ocrx_word' id='word_1_144' title='bbox 1044 2534 1085 2602; x_wconf 90' lang='grc' dir='ltr'><em>δέ</em></span> <span class='ocrx_word' id='word_1_145' title='bbox 1102 2561 1153 2615; x_wconf 84' lang='grc' dir='ltr'><em>τις</em></span> 
     </span>
     <span class='ocr_line' id='line_1_21' title="bbox 138 2636 823 2726; baseline -0.004 -17"><span class='ocrx_word' id='word_1_146' title='bbox 138 2639 155 2709; x_wconf 90' lang='grc' dir='ltr'><strong>ὁ</strong></span> <span class='ocrx_word' id='word_1_147' title='bbox 181 2646 251 2708; x_wconf 87' lang='grc' dir='ltr'><em>ΓΕ.</em></span> <span class='ocrx_word' id='word_1_148' title='bbox 297 2644 351 2708; x_wconf 79' lang='grc' dir='ltr'><em>δεῖ</em></span> <span class='ocrx_word' id='word_1_149' title='bbox 371 2643 508 2725; x_wconf 85' lang='grc' dir='ltr'><em>ποιήσαι</em></span> <span class='ocrx_word' id='word_1_150' title='bbox 530 2636 568 2705; x_wconf 86' lang='grc' dir='ltr'><em>τδ</em></span> <span class='ocrx_word' id='word_1_151' title='bbox 592 2643 823 2726; x_wconf 82' lang='grc' dir='ltr'><em>προκείμενον.</em></span> 
     </span>
    </p>

    <p class='ocr_par' dir='ltr' id='par_1_7' title="bbox 83 2741 1154 3151">
     <span class='ocr_line' id='line_1_22' title="bbox 83 2741 1153 2835; baseline 0 -21"><span class='ocrx_word' id='word_1_152' title='bbox 83 2771 117 2820; x_wconf 81' lang='lat'><em>20</em></span> <span class='ocrx_word' id='word_1_153' title='bbox 200 2744 463 2835; x_wconf 77' lang='grc' dir='ltr'><em>Ἀναγεγράφθω</em></span> <span class='ocrx_word' id='word_1_154' title='bbox 486 2743 550 2832; x_wconf 84' lang='grc' dir='ltr'><em>γὰρ</em></span> <span class='ocrx_word' id='word_1_155' title='bbox 574 2741 639 2812; x_wconf 81' lang='grc' dir='ltr'><em>ὑπὸ</em></span> <span class='ocrx_word' id='word_1_156' title='bbox 659 2749 727 2812; x_wconf 79' lang='grc' dir='ltr'><em>τῶν</em></span> <span class='ocrx_word' id='word_1_157' title='bbox 751 2749 832 2830; x_wconf 91' lang='grc' dir='ltr'><em>ΔΓ,</em></span> <span class='ocrx_word' id='word_1_158' title='bbox 855 2750 920 2811; x_wconf 87' lang='grc' dir='ltr'><em>ΓΕ</em></span> <span class='ocrx_word' id='word_1_159' title='bbox 940 2746 1153 2831; x_wconf 79' lang='grc' dir='ltr'><em>παραλληλό-</em></span> 
     </span>
     <span class='ocr_line' id='line_1_23' title="bbox 137 2850 1152 2943; baseline -0.002 -22"><span class='ocrx_word' id='word_1_160' title='bbox 137 2879 290 2940; x_wconf 91' lang='grc' dir='ltr'><em>γραμμον</em></span> <span class='ocrx_word' id='word_1_161' title='bbox 314 2850 528 2940; x_wconf 76' lang='grc' dir='ltr'><em>ὀρθογώνιον</em></span> <span class='ocrx_word' id='word_1_162' title='bbox 551 2850 588 2918; x_wconf 90' lang='grc' dir='ltr'><em>τὸ</em></span> <span class='ocrx_word' id='word_1_163' title='bbox 614 2859 695 2938; x_wconf 85' lang='grc' dir='ltr'><em>ΔΕ,</em></span> <span class='ocrx_word' id='word_1_164' title='bbox 722 2850 846 2943; x_wconf 79' lang='grc' dir='ltr'><em>καὶτῷ</em></span> <span class='ocrx_word' id='word_1_165' title='bbox 870 2858 939 2917; x_wconf 88' lang='grc' dir='ltr'><em>ΔΕ</em></span> <span class='ocrx_word' id='word_1_166' title='bbox 961 2858 1037 2918; x_wconf 77' lang='grc' dir='ltr'><em>ἴσον</em></span> <span class='ocrx_word' id='word_1_167' title='bbox 1060 2853 1152 2935; x_wconf 85' lang='grc' dir='ltr'><em>παρὰ</em></span> 
     </span>
     <span class='ocr_line' id='line_1_24' title="bbox 136 2955 1152 3046; baseline -0.003 -19"><span class='ocrx_word' id='word_1_168' title='bbox 136 2958 197 3027; x_wconf 88' lang='grc' dir='ltr'><em>τὸν</em></span> <span class='ocrx_word' id='word_1_169' title='bbox 229 2967 295 3027; x_wconf 89' lang='grc' dir='ltr'><em>ΑΒ</em></span> <span class='ocrx_word' id='word_1_170' title='bbox 331 2956 599 3046; x_wconf 79' lang='grc' dir='ltr'><em>παραβεβλήσθω</em></span> <span class='ocrx_word' id='word_1_171' title='bbox 631 2956 978 3046; x_wconf 81' lang='grc' dir='ltr'><em>παραλληλόγραμμον</em></span> <span class='ocrx_word' id='word_1_172' title='bbox 1014 2955 1052 3025; x_wconf 89' lang='grc' dir='ltr'><em>τὸ</em></span> <span class='ocrx_word' id='word_1_173' title='bbox 1087 2964 1152 3024; x_wconf 92' lang='grc' dir='ltr'><em>ΒΖ</em></span> 
     </span>
     <span class='ocr_line' id='line_1_25' title="bbox 135 3056 1154 3151; baseline -0.002 -18"><span class='ocrx_word' id='word_1_174' title='bbox 135 3067 260 3146; x_wconf 84' lang='grc' dir='ltr'><em>πλάτος</em></span> <span class='ocrx_word' id='word_1_175' title='bbox 282 3068 403 3134; x_wconf 84' lang='grc' dir='ltr'><em>ποιοῦν</em></span> <span class='ocrx_word' id='word_1_176' title='bbox 426 3062 489 3151; x_wconf 85' lang='grc' dir='ltr'><em>τήν</em></span> <span class='ocrx_word' id='word_1_177' title='bbox 513 3070 586 3132; x_wconf 89' lang='grc' dir='ltr'><em>ΑΖ.</em></span> <span class='ocrx_word' id='word_1_178' title='bbox 633 3063 702 3132; x_wconf 79' lang='grc' dir='ltr'><em>ἐπεὶ</em></span> <span class='ocrx_word' id='word_1_179' title='bbox 731 3056 794 3132; x_wconf 82' lang='grc' dir='ltr'><em>οὖν</em></span> <span class='ocrx_word' id='word_1_180' title='bbox 823 3071 899 3132; x_wconf 75' lang='grc' dir='ltr'><em>ἴσον</em></span> <span class='ocrx_word' id='word_1_181' title='bbox 927 3063 995 3132; x_wconf 79' lang='grc' dir='ltr'><em>ἐστὶ</em></span> <span class='ocrx_word' id='word_1_182' title='bbox 1017 3062 1056 3131; x_wconf 91' lang='grc' dir='ltr'><em>τὸ</em></span> <span class='ocrx_word' id='word_1_183' title='bbox 1083 3071 1154 3131; x_wconf 88' lang='grc' dir='ltr'><em>ΔΕ</em></span> 
     </span>
    </p>
   </div>
   <div class='ocr_carea' id='block_1_5' title="bbox 208 3276 646 3347">
    <p class='ocr_par' dir='ltr' id='par_1_8' title="bbox 208 3276 646 3347">
     <span class='ocr_line' id='line_1_26' title="bbox 208 3276 646 3347; baseline -0.009 -12"><span class='ocrx_word' id='word_1_184' title='bbox 208 3286 232 3334; x_wconf 84' lang='grc'><em>9.</em></span> <span class='ocrx_word' id='word_1_185' title='bbox 251 3281 321 3335; x_wconf 77' lang='lat' dir='ltr'>Post</span> <span class='ocrx_word' id='word_1_186' title='bbox 339 3277 432 3343; x_wconf 81' lang='grc' dir='ltr'><em>δεῖξαι</em></span> <span class='ocrx_word' id='word_1_187' title='bbox 450 3295 477 3347; x_wconf 84' lang='lat' dir='ltr'><em>p.</em></span> <span class='ocrx_word' id='word_1_188' title='bbox 498 3281 541 3345; x_wconf 78' lang='grc'><em>78,</em></span> <span class='ocrx_word' id='word_1_189' title='bbox 562 3283 594 3332; x_wconf 83' lang='grc'><em>13</em></span> <span class='ocrx_word' id='word_1_190' title='bbox 613 3276 646 3331; x_wconf 90' lang='lat' dir='ltr'><em>V.</em></span> 
     </span>
    </p>
   </div>
   <div class='ocr_carea' id='block_1_6' title="bbox 135 3405 347 3416">
    <p class='ocr_par' dir='ltr' id='par_1_9' title="bbox 135 3405 347 3416">
     <span class='ocr_line' id='line_1_27' title="bbox 135 3405 347 3416; baseline -0.005 -1"><span class='ocrx_word' id='word_1_191' title='bbox 135 3405 347 3416; x_wconf 66' lang='lat'>——-—=</span> 
     </span>
    </p>
   </div>
   <div class='ocr_carea' id='block_1_7' title="bbox 112 3470 1149 3619">
    <p class='ocr_par' dir='ltr' id='par_1_10' title="bbox 112 3470 1149 3619">
     <span class='ocr_line' id='line_1_28' title="bbox 197 3470 1149 3544; baseline -0.004 -12"><span class='ocrx_word' id='word_1_192' title='bbox 197 3483 222 3532; x_wconf 86' lang='lat'><em>1.</em></span> <span class='ocrx_word' id='word_1_193' title='bbox 244 3475 320 3534; x_wconf 83' lang='grc' dir='ltr'><em>εἰσιν</em></span> <span class='ocrx_word' id='word_1_194' title='bbox 339 3477 371 3536; x_wconf 89' lang='grc' dir='ltr'><em>Ρ.</em></span> <span class='ocrx_word' id='word_1_195' title='bbox 449 3479 474 3532; x_wconf 85' lang='grc'><em>9.</em></span> <span class='ocrx_word' id='word_1_196' title='bbox 501 3470 545 3533; x_wconf 79' lang='grc' dir='ltr'><em>ὅτι</em></span> <span class='ocrx_word' id='word_1_197' title='bbox 565 3507 599 3516; x_wconf 98' lang='grc'>-</span> <span class='ocrx_word' id='word_1_198' title='bbox 619 3479 664 3531; x_wconf 68' lang='grc' dir='ltr'><em>λλ.</em></span> <span class='ocrx_word' id='word_1_199' title='bbox 688 3471 781 3544; x_wconf 46' lang='lat' dir='ltr'><em>stow&amp;</em></span> <span class='ocrx_word' id='word_1_200' title='bbox 799 3473 887 3528; x_wconf 63' lang='grc' dir='ltr'><em>ελλοω</em></span> <span class='ocrx_word' id='word_1_201' title='bbox 906 3471 938 3528; x_wconf 82' lang='lat' dir='ltr'><em>in</em></span> <span class='ocrx_word' id='word_1_202' title='bbox 955 3491 1011 3544; x_wconf 79' lang='lat' dir='ltr'><em>mg.</em></span> <span class='ocrx_word' id='word_1_203' title='bbox 1032 3491 1091 3544; x_wconf 80' lang='lat' dir='ltr'>sup.</span> <span class='ocrx_word' id='word_1_204' title='bbox 1111 3492 1149 3528; x_wconf 89' lang='lat' dir='ltr'><em>m.</em></span> 
     </span>
     <span class='ocr_line' id='line_1_29' title="bbox 112 3541 908 3619; baseline -0.001 -20"><span class='ocrx_word' id='word_1_205' title='bbox 112 3561 166 3603; x_wconf 78' lang='grc' dir='ltr'><em>τεο.</em></span> <span class='ocrx_word' id='word_1_206' title='bbox 189 3547 221 3604; x_wconf 87' lang='lat' dir='ltr'><em>B.</em></span> <span class='ocrx_word' id='word_1_207' title='bbox 304 3559 350 3611; x_wconf 84' lang='lat'><em>10.</em></span> <span class='ocrx_word' id='word_1_208' title='bbox 371 3549 430 3611; x_wconf 80' lang='grc' dir='ltr'><em>εἰσι</em></span> <span class='ocrx_word' id='word_1_209' title='bbox 450 3548 517 3610; x_wconf 86' lang='lat' dir='ltr'><em>BV.</em></span> <span class='ocrx_word' id='word_1_210' title='bbox 595 3555 630 3606; x_wconf 70' lang='grc' dir='ltr'><em>λδ</em></span> <span class='ocrx_word' id='word_1_211' title='bbox 649 3544 765 3619; x_wconf 45' lang='grc' dir='ltr'><em>λῆμμαή</em></span> <span class='ocrx_word' id='word_1_212' title='bbox 777 3541 908 3597; x_wconf 59' lang='grc' dir='ltr'><em>τοΠ.</em></span> 
     </span>
    </p>
   </div>
   <div class='ocr_carea' id='block_1_8' title="bbox 0 0 1212 3832">
    <p class='ocr_par' dir='ltr' id='par_1_11' title="bbox 0 0 1212 3832">
     <span class='ocr_line' id='line_1_30' title="bbox 0 0 1212 3832; baseline 0 0"><span class='ocrx_word' id='word_1_213' title='bbox 0 0 1212 3832; x_wconf 95' lang='lat' dir='ltr'><em> </em></span> 
     </span>
    </p>
   </div>
  </div>
 </body>
</html>
