2414 3832
86 167 150 233 308
473 168 674 221 Σεοεεεεοα
693 164 719 222 ι’.

84 312 146 397 τήν
171 309 261 376 ΝΜ·
304 305 348 388 ὥς
377 308 414 376 δὲ
441 305 478 376 τὸ
503 314 574 375 ΝΛ
597 306 680 395 πρὸς
702 308 741 377 τὸ
765 316 849 396 ΚΛ,
879 311 986 390 οὕτως
1011 311 1106 380 ἐστὶν

85 413 105 501 ή
130 420 210 482 ΝΜ
236 412 320 498 πρὸς
347 417 410 502 τήν
438 421 527 482 ΚΜ·
569 412 606 482 τὸ
638 413 703 500 ἄρα
730 412 796 483 ὑπὸ
825 420 894 486 τών
922 423 1000 505 ΓΚ,
1024 424 1112 485 ΚΜ

86 529 162 590 ἴσον
181 521 250 589 ε’στὶ
269 532 314 614 τῷ
335 519 400 590 άπὸ
418 524 478 608 τῆς
491 527 580 607 ΝΜ,
604 523 754 590 τουτέστι
778 526 822 617 τῳ
845 523 988 616 τετάρτῳ
1010 525 1106 612 μέρει

84 639 146 697 τοῦ
172 626 238 696 άπὸ
266 632 325 716 τῆς
353 634 434 695 ΖΜ.
479 627 535 694 καὶ
563 627 632 695 ἐπεὶ
660 627 850 715 σύμμετρόν
878 632 947 698 ἐστι
970 634 1009 699 τὸ
1036 628 1104 699 άπὸ

51 760 66 809 5
85 739 144 823 τῆς
162 741 239 802 AH
255 738 301 827 τῷ
321 732 387 802 άπὸ
406 737 464 820 τῆς
482 740 561 820 ΗΒ,
587 733 777 823 σύμμετρόν
798 736 893 820 [ἐστι]
913 737 968 804 καὶ
986 735 1025 805 τό
1042 743 1106 806 ΓΘ

85 846 130 935 τῷ
154 848 232 909 ΚΛ.
279 838 324 919 ώς
352 839 390 907 δὲ
417 838 454 907 τὸ
480 846 541 908 ΓΘ
567 839 651 927 πρὸς
677 839 715 909 τὸ
740 847 823 927 ΚΛ,
853 840 959 923 οὕτως
985 839 1007 929 ή
1035 850 1107 912 ΓΚ

85 947 169 1039 πρὸς
191 947 252 1035 τὴν
276 953 365 1014 ΚΜ·
407 945 595 1034 σύμμετρος
617 946 683 1035 άρα
707 947 798 1016 ἐστὶν
820 946 840 1034 ή
866 953 932 1016 ΓΚ
951 953 990 1038 τῇ
1015 956 1106 1018 ΚΜ.

86 1057 156 1126 ἐπεὶ
180 1047 244 1123 οὖν
269 1053 331 1121 δύο
355 1050 487 1120 εὐθεῖαι
511 1051 629 1121 άνισοί
648 1058 734 1122 εἰσιν
762 1057 800 1122 αἱ
819 1060 908 1141 ΓΜ,
932 1062 1020 1142 ΜΖ,
1047 1058 1106 1124 καὶ

85 1166 131 1255 τῳ
159 1160 303 1250 τετάρτῳ
332 1160 423 1246 μέρει
450 1162 512 1226 τοῦ
540 1156 604 1228 άπὸ
632 1164 691 1247 τῆς
719 1167 796 1229 ΖΜ
819 1169 895 1230 ἴσον
922 1161 1013 1250 παρὰ
1042 1161 1107 1250 τήν

35 1292 68 1341 10
86 1274 163 1359 ΓΜ
186 1266 431 1351 παραβέβληται
461 1267 613 1335 ἐλλεῖπον
642 1271 723 1335 εἴδει
749 1267 946 1359 τετραγώνῳ
973 1268 1013 1337 τὸ
1037 1267 1106 1338 ὑπὸ

86 1377 155 1442 τών
182 1378 262 1458 ΓΚ,
289 1378 382 1458 ΚΜ,
410 1378 470 1439 καί
493 1374 561 1440 ἐστι
590 1372 776 1462 σύμμετρος
803 1371 824 1460 ή
853 1381 920 1443 ΓΚ
945 1379 985 1463 τῇ
1015 1382 1107 1462 ΚΜ,

86 1477 107 1566 ή
127 1478 193 1568 άριι
212 1484 289 1546 ΓΜ
306 1482 365 1564 τής
383 1486 454 1545 ΜΖ
473 1485 584 1565 μεῖζον
605 1478 748 1548 δύναται
765 1483 811 1572 τῷ
831 1478 896 1548 άπὸ
912 1483 1108 1570 συμμέτρου

88 1586 187 1675 ἕαντή
203 1585 308 1673 μήκει.
344 1585 508 1653 καλέσειν
527 1582 547 1673 ἡ
567 1590 644 1653 ΓΜ
662 1586 848 1674 σύμμετρος
866 1591 905 1675 τῇ
930 1589 1107 1680 ἐκκειμένῳ

87 1697 169 1782 ῥητῇ
193 1697 233 1781 τῇ
257 1697 320 1760 ΓΔ
342 1691 451 1778 μήκει·
476 1689 496 1779 ἡ
520 1690 585 1780 άρα
609 1698 669 1760 ΓΖ
693 1690 844 1780 άποτομή
869 1694 937 1761 ἐστι
961 1693 1090 1784 πρώτη.

35 1825 67 1873 15
157 1803 202 1868 Τὸ
222 1797 287 1884 άρα
307 1794 371 1865 άπὸ
391 1796 560 1885 ἀποτομῆς
577 1797 667 1886 παρὰ
681 1802 786 1887 ῥητήν
801 1801 1108 1889 παραβαλλόμενον

86 1909 208 1984 πλάτος
231 1915 322 1971 ποιελ
343 1901 517 1991 ἀποτομήν
540 1905 690 1992 πρώτην·
722 1904 803 1988 ὅπερ
827 1911 895 1975 ἔδει
921 1909 1038 1989 δεῖξαι.

562 2117 624 2203 (λη’.

157 2242 206 2308 Τὸ
231 2238 305 2309 άπὸ
329 2240 448 2327 μέσης
467 2237 667 2329 άποτομής
685 2243 839 2331 πρώτης
858 2243 960 2332 παρὰ
980 2245 1108 2334 ῥητήν

85 2346 446 2436 παραβαλλόμενον
474 2346 620 2427 πλάτος
648 2363 758 2417 ποιεῖ
783 2347 989 2437 ἀποτομήν
1015 2355 1109 2421 δευ-

33 2480 67 2528 20
86 2456 214 2543 τέραν.
421 2543 423 2546 y

142 2561 251 2630 Ἔστω
272 2562 374 2648 μέσης
392 2557 542 2647 ἀποτομὴ
562 2562 675 2648 πρώτη
694 2558 714 2647 ἡ
729 2568 804 2646 ΑΒ,
829 2564 911 2649 ῥητή
932 2562 969 2631 δὲ
988 2561 1010 2650 ἡ
1031 2570 1108 2648 ΓΔ,

85 2669 140 2736 καὶ
159 2673 204 2761 τῷ
224 2666 290 2736 άπὸ
309 2672 368 2756 τής
381 2675 449 2734 ΑΒ
470 2675 546 2735 λ’σον
563 2665 651 2754 παρά
670 2669 732 2754 τήν
751 2674 815 2735 ΓΔ
832 2672 1108 2757 παραβεβλήσθω

85 2776 123 2844 τὸ
146 2782 211 2843 ΓΕ
232 2776 355 2853 πλάτος
377 2776 499 2841 ποιοῦν
518 2772 580 2861 τήν
600 2778 673 2840 ΓΖ·
697 2774 793 2859 λέγω,
817 2773 868 2842 ότι
892 2772 912 2862 ή
936 2782 999 2843 ΓΖ
1024 2776 1110 2849 ἄπο-

85 2882 170 2971 τομή
195 2885 264 2952 ἐστι
288 2882 434 2968 δευτέρα.

33 3012 67 3062 25
143 2989 252 3057 Ἔστω
276 2992 341 3075 γάρ
364 2992 404 3076 τῇ
428 2995 493 3055 ΑΒ
517 2985 795 3074 προσαρμόζουσα
819 2985 839 3074 ἡ
864 2995 943 3056 ΒΗ·
977 2992 1016 3056 αί
1038 2993 1109 3081 ἄρα

86 3103 173 3180 ΑΗ,
196 3103 263 3163 ΗΒ
288 3096 385 3183 μέσαι
409 3094 473 3162 εἰσὶ
497 3093 638 3181 δυνάμει
661 3092 769 3180 μόνον
792 3094 975 3183 σύμμετροι
999 3098 1110 3184 ῥητὸν

85 3204 306 3290 περιέχουσαι.
342 3203 397 3270 καὶ
421 3205 466 3293 τῷ
490 3202 551 3288 μὲν
576 3198 641 3268 ἀπὸ
664 3203 724 3285 τῆς
741 3206 813 3267 AH
835 3208 911 3269 ἴσον
931 3204 1021 3290 παρά
1041 3205 1109 3293 τὴν

152 3457 177 3507 l.
199 3447 366 3516 ώςδέ-Ζ.
381 3453 448 3506 ΚΜ
480 3449 579 3517 omAE',
598 3449 710 3505 uidetur
728 3446 815 3502 fuisse
834 3449 864 3502 in
879 3465 936 3518 mg.
993 3458 1018 3509 2.
1036 3453 1110 3510 Post
1160 3434 1164 3441 Ι

62 3513 1108 3594 ρπηιππιοο.ιιισςαραὴνιιποιετὴνΝΜκΜΝελοβταεὴ

232 3756 265 3786 Δ
377 3766 392 3785 ε.
