2414 3832
379 158 655 210 ELEMENTORUM
671 159 780 211 LIBER
797 160 831 210 X.
1067 156 1109 221 61

163 302 337 368 Rationale
363 302 450 367 enim
478 301 621 385 spatium
648 303 718 365 ΑΓ
738 306 845 367 rectae
868 306 934 366 AB
958 302 1112 367 rationali

92 431 208 476 rursus
241 408 417 474 secundum
454 408 595 493 aliquem
631 407 817 491 modorum,
854 430 934 493 quos
971 407 1111 474 diximus

95 519 141 598 [u.
150 515 272 580 lemma
287 536 317 598 p.
325 513 392 598 56]‚
407 514 587 598 adplicetur
595 514 803 580 latitudinem
812 513 933 578 faciens
942 517 1012 580 ΒΓ.
1031 514 1112 598 dico,

94 620 367 686 BPrationalem
386 642 458 685 esse
475 622 509 685 et
527 625 634 687 rectae
648 625 715 686 BA
730 619 935 706 longitudine
953 642 1112 686 commen-

97 726 286 793 surabilem.

162 834 371 898 construatur
394 832 480 897 eninr
502 833 537 897 in
555 838 620 898 AB
640 833 834 917 quadratum
854 839 885 897 A
891 838 933 897 A.
961 838 1033 896 ΑΔ
1051 833 1111 917 igi·

92 946 150 1006 tur
172 936 332 1004 rationale
355 942 405 1003 est
428 937 504 1020 [def.
526 940 573 1019 4].
606 960 719 1004 uerum
742 939 840 1004 etiam
865 941 934 1004 ΑΓ
952 938 1112 1004 rationale

95 1067 122 1115 A
311 1048 368 1109 est
391 1045 503 1129 itaque
525 1051 605 1127 ΔΑ,
625 1048 692 1110 ΑΓ
706 1045 1012 1110 commensurabilia
1028 1048 1112 1109 sunt.

253 1105 257 1245 l
310 1154 736 1216 et-AAzAF=AB:BF
756 1151 884 1236 [V1,1].
908 1152 1018 1235 itaque
1034 1156 1113 1234 ΔΒ,

93 1248 281 1345 B—-lA
310 1259 376 1321 ΒΓ
399 1258 706 1322 commensurabiles
731 1262 807 1322 sunt
831 1261 933 1342 [prop.
952 1258 1024 1338 Xll.
1062 1281 1113 1322 ue-

309 1385 382 1428 rum
401 1367 520 1427 AB=
531 1369 605 1429 BA.
629 1364 739 1449 itaque
754 1364 852 1428 etiam
863 1369 938 1447 ΑΒ,
953 1367 1019 1429 ΒΓ
1029 1386 1113 1429 com-

310 1469 545 1534 mensurabiles
570 1475 655 1534 sunt.
694 1471 748 1533 sed
772 1474 839 1534 AB
863 1471 1034 1536 rationalis
1054 1476 1112 1536 est
1139 1487 1142 1493 ·

128 1520 262 1643 ..-l
311 1575 419 1660 itaque
448 1575 546 1640 etiam
573 1577 640 1639 ΒΓ
662 1574 832 1639 rationalis
865 1579 915 1639 est
947 1581 980 1639 et
1007 1582 1113 1641 rectae

129 1656 157 1704 P
310 1686 376 1746 AB
395 1681 599 1766 longitudine
623 1679 925 1746 commensurabilis
949 1680 1024 1761 [def.
1043 1683 1088 1761 3].

167 1785 255 1871 Ergo
283 1787 311 1851 si
339 1787 483 1870 spatium
510 1787 669 1853 rationale
698 1791 805 1852 rectae
833 1786 986 1852 rationali
1010 1787 1113 1872 adpli-

98 1895 198 1976 catur,
222 1898 255 1957 et
278 1915 361 1978 quae
385 1898 571 1979 sequuntur.

561 2071 647 2138 XXI.

164 2194 402 2279 Rectangulum
434 2195 533 2261 rectis
566 2197 780 2262 rationalibus
810 2197 956 2281 potentia
985 2200 1113 2261 tantum

95 2301 449 2367 commensurabilibus
478 2303 748 2386 comprehensum
775 2303 964 2368 irrationale
992 2310 1052 2386 est,
1081 2306 1115 2366 et

94 2413 188 2474 recta
221 2409 250 2472 ei
281 2406 432 2493 aequalis¹
451 2409 609 2492 quadrata
641 2408 841 2474 irrationalis
878 2411 944 2492 est,
981 2413 1114 2473 uocetur

99 2518 211 2580 autem
234 2513 348 2578 media.

166 2619 278 2686 Rectis
303 2620 387 2685 enim
411 2621 628 2686 rationalibus
652 2625 685 2686 et
708 2619 856 2706 potentia
878 2623 1005 2685 tantum
1030 2644 1114 2686 oom-

97 2726 373 2792 mensurabilibus
392 2732 469 2811 AB,
492 2729 560 2792 ΒΓ
577 2729 802 2817 rectangulum
822 2730 890 2791 ΑΓ
904 2726 1115 2810 comprehen-

98 2835 205 2899 datur.
219 2832 300 2915 dico,
313 2834 540 2920 rectangulum
551 2842 582 2898 A
587 2838 619 2899 Γ
624 2834 811 2899 irrationale
822 2856 901 2918 esse,
912 2839 944 2899 et
953 2838 1077 2897 rectam
1086 2833 1115 2896 ei

98 2940 268 3023 aequalem
283 2937 475 3022 quadratam
485 2940 721 3023 irrationalem
735 2943 869 3005 uocetur
882 2944 990 3005 autem
1001 2939 1114 3004 media.

167 3066 243 3108 nam
271 3044 306 3108 in
334 3049 400 3109 AB
429 3047 624 3131 quadratum
652 3050 859 3112 construatur
889 3052 968 3111 ΑΔ.
1004 3046 1115 3129 itaque

97 3155 171 3217 ΑΛ
189 3151 349 3216 rationale
367 3157 418 3217 est
438 3152 512 3233 [def.
532 3154 577 3234 4].
609 3157 642 3218 et
665 3153 817 3236 quoniam
839 3157 913 3233 ΑΒ,
933 3155 998 3217 ΒΓ
1013 3153 1115 3237 longi·

745 3296 841 3303 —-

99 3360 159 3486 κοίὰ]
180 3381 198 3415 u
216 3360 247 3416 in
264 3377 319 3417 ras.
337 3380 375 3418 m.
396 3369 410 3416 1
429 3323 461 3430 li,
480 3359 528 3436 ιβ’
548 3363 569 3416 F
586 3364 615 3418 et
629 3362 669 3417 sic
683 3361 822 3432 deinceps.
879 3368 920 3419 15.
939 3361 1007 3417 Post
1024 3359 1116 3433 ῥητῶν

98 3433 136 3487 ad
157 3431 233 3488 ,δύο
251 3433 282 3489 Β.
340 3439 381 3489 16.
400 3428 459 3489 ἐστι
477 3432 567 3502 PBV,
587 3450 677 3503 comp.
691 3433 744 3488 Pb.
807 3439 848 3488 1⁷.
869 3429 927 3488 tou
944 3433 1007 3504 BV,
1026 3450 1115 3502 comp.

97 3503 154 3571 Pb,
175 3500 252 3558 ἔσται
270 3503 302 3560 Ρ.
374 3511 416 3561 22.
437 3501 495 3560 ἐστι
514 3504 602 3573 PBV,
622 3521 711 3575 comp.
731 3503 784 3559 Fb.
