2414 3832
371 172 646 225 nnnnnnronnn
663 173 773 224 nmen
790 175 824 227 x.
1040 171 1102 238 197

159 319 386 398 comparentur
399 388 402 393 ,
415 316 545 398 eadem,
577 337 660 399 quae
691 318 797 381 antea.
851 318 918 382 iam
951 319 1105 403 quoniam

91 424 158 486 AB
181 423 270 486 recta
293 425 344 486 est
367 423 472 507 spatio
496 422 648 486 rationali
676 426 710 486 et
734 422 840 488 medio
865 425 1006 510 aequalis
1030 447 1106 509 qua-

91 527 185 592 drata
198 527 234 591 in
247 529 281 592 Γ
294 528 408 610 diuisa,
427 534 459 593 A
463 531 501 610 Γ,
517 531 579 593 ΓΒ
597 529 746 613 potentia
759 529 1105 597 incommensurabiles

92 636 168 700 runt
197 633 373 699 efficientes
401 655 561 698 summam
586 634 818 718 quadratorum
843 635 996 719 mediam,
1022 642 1104 703 rect

91 740 247 825 angulum
270 743 376 805 autem
404 738 562 804 rationale
591 742 700 824 [prop.
723 740 811 823 XL].
856 743 922 808 iam
951 744 1104 826 quoniam

91 845 231 928 ΑΡ-Ι-
247 844 327 912 1⁸32
355 845 497 911 medium
525 850 590 929 est,
618 849 688 911 ΔΛ
714 846 857 912 medium
885 852 946 914 est.
995 851 1106 934 iaque

42 990 47 1000 ·
90 955 174 1018 ΔΜ
186 952 357 1017 rationalis
372 955 467 1016 estet
481 956 588 1017 rectae
605 956 676 1016 ΔΕ
686 953 892 1039 longitudine
906 957 1105 1021 incommen-

91 1057 242 1124 surabilis
266 1061 370 1142 [prop.
392 1057 510 1139 XXII].
555 1080 666 1124 rursus
690 1060 843 1144 quoniam
866 1062 1018 1130 2ΑΓ><
1032 1066 1105 1148 ΓΒ,

91 1164 151 1231 hoc
170 1168 221 1230 est
234 1169 317 1246 ΜΖ,
335 1163 494 1228 rationale
514 1167 573 1248 est,
592 1168 672 1229 ΜΗ
689 1165 861 1232 rationalis
878 1172 928 1232 est
947 1172 980 1233 et
997 1172 1105 1234 rectae

91 1273 161 1334 ΔΕ
181 1268 484 1335 commensurabilis
509 1272 616 1354 [prop.
639 1270 727 1350 XX].
772 1273 882 1357 itaque
910 1278 1002 1358 AM,
1025 1279 1110 1340 ΜΗ

91 1375 432 1442 incommensurabiles
448 1379 524 1440 sunt
541 1378 649 1460 [prop.
662 1375 767 1458 XIII].
805 1400 904 1462 quare
924 1384 1011 1463 AM,
1026 1385 1107 1446 ΜΗ

92 1478 268 1549 rationales
283 1487 360 1548 sunt
376 1482 526 1568 potentia
539 1484 667 1547 tantum
682 1486 997 1550 commensurabiles.
1027 1508 1105 1572 ergo

93 1593 169 1653 ΔΗ
187 1610 227 1652 ex
250 1589 375 1654 duobus
398 1587 586 1654 nominibus
610 1591 660 1652 est
684 1591 788 1672 [prop.
810 1588 975 1671 XXXVH.

157 1697 223 1760 iam
247 1695 328 1777 dico,
352 1694 487 1760 eandem
509 1695 657 1779 quintam
682 1716 761 1759 esse.

156 1824 234 1867 nam
253 1801 404 1866 similiter
422 1801 728 1887 demonstrabimus,
751 1823 821 1866 esse
841 1806 914 1866 ΔΚ
921 1815 964 1871 ><
975 1807 1010 1867 K
1013 1807 1058 1868 M
1063 1834 1105 1857 ==

94 1910 171 1972 MN
175 1905 187 1943 ²
199 1911 231 1972 et
242 1910 318 1990 ΔΚ,
328 1910 406 1973 ΚΜ
413 1907 616 1992 longitudine
626 1907 977 1975 incommensurabiles.
995 1909 1106 1994 itaque

95 2011 188 2078 AM2
212 2013 338 2078 excedit
361 2012 457 2078 MH²
481 2014 640 2097 quadrato
661 2017 769 2078 rectae
788 2014 851 2079 sibi
871 2036 1106 2081 commensura-

93 2120 166 2185 bilis
193 2123 301 2205 [prop.
324 2119 465 2202 XVIII].
511 2124 544 2185 et
571 2124 664 2202 AM,
688 2122 773 2184 ΜΗ
794 2123 945 2203 potentia
975 2127 1105 2188 tantum

93 2226 400 2292 commensurabiles
420 2229 504 2310 sunt,
528 2231 560 2290 et
582 2227 689 2290 minor
712 2229 796 2290 ΜΗ
812 2231 920 2293 rectae
945 2233 1015 2293 ΔΕ
1035 2229 1105 2296 lon·

93 2332 240 2418 gitudine
264 2332 565 2396 commensurabilis
588 2335 648 2396 est.

158 2438 249 2523 Ergo
274 2441 350 2502 ΔΗ
374 2461 413 2502 ex
441 2438 568 2503 duobus
595 2438 796 2508 nominibus.
808 2443 858 2503 est
881 2438 995 2522 quinta
1020 2439 1105 2520 [deff.

93 2544 148 2612 alt.
172 2544 222 2627 5];
245 2544 332 2628 quod
357 2548 426 2610 erat
449 2543 744 2610 demonstrandum.

547 2720 649 2788 LXV.

160 2843 361 2921 Quadratum
371 2849 478 2910 rectae
488 2845 613 2910 duobus
624 2846 738 2929 spatiis
748 2845 862 2911 mediis
873 2845 1018 2929 aequalis
1029 2867 1106 2930 qua·

93 2950 206 3016 dratae
233 2955 340 3017 rectae
367 2952 522 3016 rationali
550 2951 748 3036 adplicatum
776 2951 982 3018 latitudinem
1006 2951 1106 3018 efficit

91 3061 214 3123 rectam
238 3080 277 3123 ex
300 3058 425 3124 duobus
448 3058 635 3123 nominibus
660 3061 793 3125 sextam.

158 3161 208 3228 Sit
230 3167 295 3228 AB
323 3168 414 3229 recta
437 3163 561 3228 duobus
586 3162 700 3246 spatiis
723 3163 837 3228 mediis
862 3164 1006 3249 aequalis
1030 3187 1105 3249 qua·

90 3388 125 3427 m.
146 3379 163 3427 2
182 3373 212 3428 F.
287 3379 331 3427 20.
350 3371 425 3444 ΔΗ]
449 3371 621 3440 AMPBb,
646 3375 708 3426 ΔΗ
722 3370 752 3425 in
770 3388 824 3428 ras.
843 3372 882 3441 V,
905 3374 973 3428 mut.
993 3372 1023 3426 in
1043 3377 1111 3426 ΔΜ

91 3459 127 3498 m.
147 3451 163 3498 2
182 3443 213 3497 F.
286 3439 357 3512 ὅπερ
376 3441 436 3498 ἔδει
455 3443 559 3516 δεῖξαι]
579 3459 670 3516 comp.
683 3441 717 3513 P,
735 3459 793 3500 cm.
806 3443 904 3502 aab.
973 3438 1068 3498 ‘amb‘
1090 3446 1131 3493 b.

126 3510 192 3586 τήν]
209 3511 297 3584 ρἠτὶν
314 3512 365 3586 τήν
380 3514 414 3572 F.
486 3515 538 3594 api]
559 3534 632 3578 corr.
650 3535 688 3576 ex
706 3513 739 3576 ab
759 3537 802 3576 m.
820 3518 895 3575 ld.
