2414 3832
126 159 191 221 114
512 159 714 212 ΣΤοΙΧΕΙωΝ
733 154 760 212 ι’.

124 298 246 385 ἄλογος
269 298 334 386 ι’ίρα
353 299 443 366 ἐστὶν
461 296 482 386 ἡ
503 305 582 384 ΑΓ,
606 304 770 367 καλείσθω
790 299 827 367 δὲ
851 301 891 368 ἐκ
915 299 987 368 θῦο
1011 302 1145 387 μέσων

125 407 298 492 δευτέρα.
346 403 425 494 ὅπερ
449 409 517 474 ἔδει
541 409 657 486 δείξαι.

604 635 670 704 W.

188 758 276 828 Ἐἀυ
307 760 378 829 θῦο
403 757 562 827 εῦθείαι
586 758 754 846 δυνάμει
778 756 1026 846 ἀσύμμετροι
1049 778 1143 827 συν-

88 870 271 934 στεθῦσι
304 869 491 934 ποιοῦσαι
524 863 567 932 τὸ
597 864 668 951 μὲν
699 870 962 951 συγκείμενον
993 868 1033 934 ἐκ
1064 870 1144 935 τῦν

124 969 187 1046 ἀπ’
212 971 343 1041 αὐτῶν
365 970 626 1058 τετραγώνων
649 970 784 1058 ῥητόν,
807 973 850 1039 τὸ
870 969 901 1038 θ’
922 968 984 1039 ὑπ’
1010 968 1144 1040 αὐτῶν

122 1082 259 1165 μέσον,
288 1075 309 1164 ἡ
334 1075 403 1162 ὅλη
428 1075 567 1144 εὐθεῖα
591 1076 736 1163 ἄλογός
759 1078 882 1162 ἐστιν,
910 1083 1079 1146 καλείσθω
1104 1079 1143 1147 δὲ

123 1190 273 1272 μείζων.

189 1295 457 1376 Συγκείσθωσαν
485 1288 548 1376 γὰρ
577 1288 640 1358 δύο
669 1287 799 1357 εῦθείαι
828 1289 969 1376 δυνάμει
992 1289 1141 1379 ἀσύμμε-

70 1411 103 1461 10
120 1423 194 1484 τροι
218 1399 255 1462 αί
276 1403 357 1482 AB,
381 1402 448 1464 ΒΓ
470 1400 627 1464 ποιοῦσαι
650 1393 690 1462 τὰ
714 1403 927 1484 προκείμενα
957 1398 1058 1483 λέγω,
1089 1396 1140 1467 ὅτι

122 1503 244 1590 ἄλογός
267 1506 358 1572 ἐστιν
381 1500 401 1590 ἡ
422 1509 493 1571 ΑΓ.

185 1609 274 1679 Ἐπεί
297 1613 362 1697 γὰρ
384 1613 422 1679 τὸ
451 1608 516 1678 ὑπὸ
538 1614 608 1676 τῶν
631 1613 713 1693 ΑΒ,
736 1615 803 1677 ΒΓ
821 1611 925 1695 μέσον
949 1612 1054 1697 ἐστίν,
1084 1613 1140 1678 καὶ

120 1718 158 1787 τὸ
187 1719 239 1797 θὶς
268 1716 360 1803 [ἄρα]
384 1715 450 1784 ὑπὸ
472 1720 541 1783 τῶν
568 1723 654 1800 ΑΒ,
679 1720 746 1782 ΒΓ
763 1718 866 1802 μέσον
892 1718 992 1785 ἐστίν.
1037 1720 1076 1784 τὸ
1102 1718 1141 1786 δὲ

122 1830 342 1912 συγκείμενον
365 1820 402 1888 ἐκ
425 1826 493 1889 τῶν
517 1819 582 1888 ἀπὸ
605 1831 675 1888 τῶν
696 1828 777 1907 ΑΒ,
800 1827 867 1889 ΒΓ
885 1822 1002 1908 ῥητόν·
1032 1819 1138 1910 ἄσῦμ-

69 1943 101 1994 16
121 1956 243 2017 μετρον
274 1927 339 2014 ἄρα
369 1927 438 1994 ἐστὶ
460 1930 498 1994 τὸ
523 1927 575 2005 θὶς
603 1925 668 1994 υπὸ
695 1932 763 1995 τῦν
791 1935 871 2012 ΑΒ,
895 1935 964 1997 ΒΓ
985 1932 1030 2019 τῷ
1059 1951 1138 2017 σνγ-

119 2037 260 2124 κειμένῳ
290 2035 325 2100 ἐκ
348 2037 417 2101 τῶν
440 2032 504 2100 ιἰπὸ
525 2037 593 2100 τῦν
616 2041 697 2118 ΑΒ,
722 2040 795 2101 ΒΓ·
820 2032 904 2103 ὥστε
928 2036 983 2102 καὶ
1007 2039 1046 2102 τὰ
1070 2034 1137 2104 ἀπὸ

120 2143 189 2207 τῶν
211 2146 292 2224 ΑΒ,
316 2145 383 2207 ΒΓ
400 2143 480 2226 μετὰ
505 2144 566 2208 τοῦ
589 2141 641 2218 δὶς
663 2137 729 2207 ὑπὸ
753 2143 821 2207 τῶν
845 2148 925 2227 ΑΒ,
949 2147 1026 2226 ΒΓ,
1055 2142 1138 2231 ὅπερ

120 2244 189 2312 ἐστὶ
211 2244 249 2313 τὸ
274 2243 339 2314 ἀπὸ
361 2249 421 2332 τῆς
439 2253 517 2332 ΑΓ,
541 2245 755 2333 ἀσύμμετρόν
776 2248 909 2339 ἐστιτῷ
930 2251 1136 2340 συγκειμένῳ

120 2354 154 2420 ἐκ
183 2355 252 2419 τῶν
275 2350 338 2419 ἀπὸ
362 2356 432 2419 τῶν
455 2359 531 2438 ΑΒ,
556 2359 621 2420 ΒΓ
647 2350 768 2438 [ῥητὸν
791 2352 829 2420 δὲ
850 2351 889 2421 τὸ
913 2359 1135 2441 συγκείμενον

65 2475 101 2524 20
120 2461 155 2526 ἐκ
177 2462 246 2527 τῶν
269 2457 335 2526 ἀπὸ
359 2462 426 2525 τῶν
449 2465 529 2543 ΑΒ,
553 2463 644 2541 Bm·
675 2456 800 2545 ῦλογον
823 2459 888 2546 ἄρα
913 2461 981 2527 ἐστὶ
1004 2465 1043 2528 τὸ
1067 2460 1136 2531 ἀπὸ

118 2568 177 2650 τῆς
200 2571 272 2632 ΑΓ.
306 2562 465 2632 ὥστεκαὶ
489 2560 510 2649 ἡ
534 2569 603 2630 ΑΓ
621 2563 744 2651 ίίλογός
768 2560 873 2651 ἐστιν,
902 2571 1071 2634 καλείσθω
1097 2569 1135 2637 δὲ

119 2676 270 2757 μείζων.
312 2669 392 2758 ὅπερ
416 2673 483 2736 ἔδει
508 2672 619 2750 δείξαι.

521 2856 523 2860 ⁴
608 2883 640 2970 μ’

182 3007 270 3078 Ἐὰν
299 3007 372 3076 δύο
397 3006 552 3077 εὐθεῖαι
577 3007 747 3094 δυνάμει
771 3006 1017 3096 ἀσύμμετροι
1040 3030 1135 3078 σνν-

64 3138 97 3186 25
118 3121 264 3184 τεθῶσι
299 3119 489 3184 ποιοῦσαι
520 3141 562 3183 το
594 3114 664 3201 μὲν
695 3121 956 3200 συγκείμενον
987 3117 1027 3182 ἐκ
1055 3120 1136 3184 τῶν

119 3217 180 3287 ἀπ’
207 3222 336 3291 αὐτῶν
359 3222 620 3311 τετραγώνων
640 3222 777 3307 μέσον,
799 3248 842 3288 το
867 3218 897 3287 θ’
919 3217 979 3287 ὑπ’
1002 3217 1134 3290 αὐτῶν

117 3365 204 3374 --,,
212 3371 329 3379 .—...-—

189 3439 213 3488 2.
232 3432 368 3506 δευτέρα]
385 3453 441 3502 seq.
462 3435 559 3503 schol„
576 3453 604 3490 u.
623 3453 687 3504 app.
745 3427 815 3502 ὅπερ
836 3431 894 3488 ἔδει
914 3435 1018 3507 δεῖξαι]
1038 3451 1101 3490 com
1126 3478 1132 3491 .

118 3505 148 3573 P,
168 3519 221 3559 om.
241 3504 353 3557 BFVb.
418 3514 443 3560 3.
462 3503 522 3577 λθ]
541 3522 594 3560 om.
614 3506 643 3575 b,
660 3502 687 3575 μ’
707 3502 736 3560 F.
805 3511 830 3558 4.
849 3506 1025 3561 συντεθῶσιν
1043 3453 1131 3562 ΡΒΒ.
