2414 3832
110 181 176 245 394
525 184 713 235 ΑΡΡΕΝΒΙΧ.

108 321 320 408 παράλληλος
339 320 435 410 ἤχθω
454 320 474 409 ἡ
496 330 567 391 ΕΖ.
605 321 755 409 φανερὸν
780 317 854 408 οὖν,
878 322 928 392 ὅτι
953 321 998 404 ὡς
1017 321 1037 411 ἡ
1058 334 1089 392 Α
1096 333 1128 392 Ε

108 427 193 511 πρὸς
215 427 277 514 τὴν
297 436 372 514 ΕΒ,
396 426 503 508 οὕτως
521 427 558 496 τὸ
577 437 609 496 A
617 436 643 495 Z
667 429 1017 517 παραλληλόγραμμον
1042 431 1128 518 πρὸς

108 533 147 602 τὸ
173 542 233 603 ΖΒ
255 536 615 622 παραλληλόγραμμον.
660 541 719 602 ιιαί
744 537 814 603 ἐστι
841 536 878 604 τὸ
907 535 968 623 μὲν
992 540 1059 604 AZ
1087 536 1125 606 τὸ

108 638 174 710 ὑπὸ
198 646 267 710 τῶν
285 649 364 728 BA,
383 650 464 710 ΑΕ·
492 650 547 727 ίση
567 640 630 727 γὰρ
654 638 674 727 ἡ
694 647 763 709 ΑΓ
781 646 820 730 τῇ
841 649 918 709 AB·
946 641 984 709 τὸ
1005 643 1043 709 δὲ
1063 651 1126 711 ΖΒ

73 747 146 823 ητὸ
170 746 236 816 ὑπὸ
259 752 327 816 τῶν
346 756 423 834 ΑΒ,
443 756 518 816 ΒΕ·
543 756 598 833 ίση
621 745 725 834 γὰρὴ
745 755 812 815 ΒΔ
829 758 869 834 τῇ
889 755 963 815 ΑΒ.
994 745 1039 827 ὡς
1058 750 1126 837 ἄρα

108 851 129 939 ἡ
154 862 223 921 ΑΕ
251 853 335 941 πρὸς
361 855 424 941 τὴν
447 862 526 939 ΕΒ,
559 851 665 933 οὕτως
692 853 730 922 τὸ
758 851 825 922 ὑπὸ
854 863 923 922 τῶν
952 861 1033 939 BA,
1058 863 1128 922 AB

107 960 191 1046 πρὸς
213 960 250 1029 τὸ
273 960 340 1029 ὑπὸ
363 965 432 1029 των
454 968 531 1045 AB,
554 968 631 1028 BE·
660 958 739 1045 ὅπερ
764 964 832 1026 ἔδει
856 960 972 1039 δείξαι.

592 1104 640 1168 15.

418 1193 470 1256 Ad
492 1192 564 1256 libr.
587 1191 616 1255 X
641 1214 734 1276 prop.
757 1193 810 1257 34.

539 1298 691 1383 Λῆμμα

172 1418 250 1487 Ἐἀν
275 1411 337 1488 ὦσι
356 1419 420 1489 δύο
442 1417 574 1489 εὐθεῖαι
593 1417 717 1505 ἄνισοι,
736 1424 848 1510 τμηθῇ
872 1420 909 1488 δὲ
928 1417 948 1507 ἡ
969 1422 1126 1507 ἐλαχίστη

56 1554 88 1602 10
108 1525 220 1595 αὐτῶν
251 1531 298 1606 είς
326 1535 397 1613 ίσα,
429 1526 467 1594 τὸ
496 1523 561 1594 ὑπὸ
590 1529 658 1593 τῶν
687 1525 750 1594 δύο
775 1523 921 1594 εὐθειῶν
944 1527 1127 1594 διπλάσιον

108 1639 198 1702 ἔσται
217 1637 278 1702 τοῦ
297 1637 356 1719 τῆς
378 1638 529 1717 μείζονος
546 1633 601 1699 καὶ
620 1635 678 1718 τῆς
696 1629 848 1718 ἡμισείας
866 1635 925 1718 τῆς
942 1634 1127 1719 ἐλαχίστης.

164 1740 340 1809 Ἔστωσαν
356 1740 418 1809 δύο
434 1737 564 1807 εὐθεῖαι
579 1738 690 1806 ἄνισοι
707 1741 744 1805 αί
756 1748 787 1805 Α
793 1746 832 1823 Β,
847 1743 919 1822 ΒΓ,
939 1729 988 1806 οἷν
1003 1745 1127 1824 μείζων

107 1851 190 1914 ἔστω
219 1844 240 1933 η
264 1854 345 1931 AB,
373 1847 429 1914 καὶ
455 1845 631 1933 τετμήσθω
660 1842 680 1931 ἡ
708 1851 774 1912 ΒΓ
798 1848 875 1932 δίχα
903 1843 985 1911 κατὰ
1013 1844 1052 1914 τὸ
1079 1855 1126 1912 Δ·

107 1955 208 2040 λέγω,
237 1951 289 2020 ὅτι
316 1952 353 2021 τὸ
379 1950 446 2021 ὑπὸ
475 1957 544 2020 τῶν
567 1959 649 2037 ΑΒ,
673 1957 739 2019 ΒΓ
763 1951 944 2020 διπλάσιόν
968 1953 1038 2019 ἐστι
1061 1956 1125 2020 τοῦ

56 2085 89 2134 15
107 2057 173 2128 ὑπὸ
195 2063 264 2126 τῶν
288 2066 365 2145 ΑΒ,
388 2066 465 2126 ΒΔ.

163 2164 284 2251 Ἤχθω
307 2163 371 2252 γὰρ
391 2164 456 2232 ἀπὸ
476 2168 537 2232 τοῦ
556 2172 585 2232 Β
609 2170 749 2252 σημείου
767 2168 808 2254 τῇ
828 2172 894 2233 ΒΓ
912 2162 995 2251 πρὸς
1014 2163 1127 2252 ὀρθὰς

106 2272 126 2359 ἡ
157 2279 236 2356 ΒΕ,
268 2270 324 2337 καὶ
355 2276 482 2339 κείσθω
514 2281 554 2360 τῇ
587 2279 653 2339 BA
685 2278 740 2356 ίση
773 2267 794 2357 ἡ
827 2279 907 2358 ΒΕ,
937 2271 994 2338 καὶ
1026 2297 1127 2338 κατα·

106 2377 291 2467 γεγράφθω
314 2376 352 2446 τὸ
376 2382 492 2466 σχῆμα.
538 2378 608 2445 ἐπεὶ
635 2368 697 2445 οὖν
721 2379 811 2445 ἐστιν
835 2374 881 2457 ὡς
903 2375 924 2464 ἡ
949 2385 1016 2445 ΔΒ
1039 2376 1127 2465 πρὸς

105 2485 169 2572 τὴν
194 2491 277 2571 ΔΓ,
309 2482 414 2565 οὕτως
437 2483 475 2553 τὸ
498 2491 560 2551 ΒΖ
582 2481 666 2569 πρὸς
693 2481 731 2550 τὸ
756 2489 843 2569 ΔΗ,
872 2484 1033 2551 συνθέντι
1057 2483 1127 2572 ἄρα

53 2616 87 2666 20
106 2589 151 2671 ὡς
174 2588 195 2677 ἡ
219 2596 285 2659 ΒΓ
304 2590 387 2676 πρὸς
404 2588 467 2677 τὴν
489 2596 566 2676 ΔΓ,
591 2585 698 2668 οὕτως
720 2587 758 2657 τὸ
777 2595 851 2656 ΒΗ
868 2587 952 2677 πρὸς
973 2589 1011 2657 τὸ
1038 2597 1126 2657 ΛΗ·

108 2701 293 2766 διπλασίων
328 2696 367 2763 δέ
397 2698 487 2764 ἐστιν
515 2693 535 2781 ἡ
562 2700 629 2761 ΒΓ
651 2697 709 2782 τῆς
733 2701 811 2762 ΔΓ·
849 2692 1030 2762 διπλάσιον
1057 2693 1126 2782 ἄρα

107 2806 175 2874 ἐστὶ
202 2804 258 2873 καὶ
285 2801 323 2870 τὸ
347 2809 420 2870 ΒΗ
442 2806 504 2869 τοῦ
529 2808 608 2868 ΔΗ.
655 2808 713 2868 καί
739 2803 808 2869 ἐστι
835 2828 872 2869 το
902 2801 964 2889 μὲν
988 2808 1061 2869 ΒΗ
1085 2803 1124 2872 τὸ

104 2909 171 2980 ὑπὸ
198 2914 265 2978 τῶν
294 2916 376 2996 ΑΒ,
399 2914 474 2977 ΒΓ
512 2917 566 2994 ίση
594 2907 658 2994 γὰρ
686 2904 707 2994 ἡ
736 2914 802 2974 AB
830 2912 870 2996 τῇ
899 2915 976 2975 ΒΕ·
1012 2907 1051 2975 τὸ
1086 2909 1125 2977 δὲ

107 3025 184 3086 ΔΗ
196 3016 235 3086 τὸ
253 3014 319 3085 ὑπὸ
338 3020 592 3100 τωνΑΒ,ΒΛ·
617 3023 671 3100 ίση
695 3012 758 3100 γὰρ
782 3017 821 3102 τῇ
841 3013 902 3100 μὲν
917 3021 985 3088 ΒΔ
1003 3013 1024 3100 ἡ
1045 3022 1124 3101 ΔΓ,

53 3148 87 3198 25
106 3129 145 3213 τῇ
170 3122 295 3192 &VAE
320 3119 340 3210 ἡ
366 3130 443 3189 ΔΖ·
473 3119 553 3211 ὅπερ
578 3125 645 3188 ἔδει
669 3121 783 3201 δείξαι.

181 3274 222 3322 15.
246 3266 316 3321 Post
337 3280 417 3335 prop.
437 3262 553 3318 XXXIV
576 3281 604 3332 p.
626 3267 691 3330 104,
710 3268 725 3317 9
744 3261 783 3329 V,
806 3279 863 3335 mg.
882 3279 918 3317 m.
937 3278 992 3317 rec.
1012 3263 1035 3317 B
1059 3264 1124 3333 (uix

107 3336 166 3406 legi
183 3338 298 3407 potest).

169 3468 195 3517 4,
216 3461 284 3535 ZB]
300 3463 353 3517 ΒΖ
371 3458 405 3518 Β.
480 3463 505 3514 5.
523 3457 665 3531 'effi-uhtu.
684 3457 717 3544 V
772 3457 837 3580 ABp
855 3456 953 3526 (prius)
973 3473 1072 3514 ecorr.
1089 3459 1123 3514 V.

117 3536 143 3587 8.
154 3531 570 3608 λῆμμαιτρογραφόμενονΒ.
621 3529 809 3599 mmm
848 3567 853 3579 .
896 3529 1080 3596 mmm
1092 3530 1122 3584 Β,

151 3758 208 3794 Δ
284 3770 312 3794 ι
