2414 3832
385 202 659 256 mansurarum
676 206 785 257 aman
801 207 835 258 x.
1052 205 1115 270 169

103 325 349 429 mensurabiles,
362 349 439 410 ΑΗ
448 350 481 411 et
490 351 552 412 ΕΖ
567 347 909 414 incommensurabiles
925 353 1001 415 sunt
1012 351 1116 435 [prop.

100 447 207 531 XIII].
244 472 343 535 quare
365 455 442 536 Aa,
462 457 539 536 EA,
562 454 624 519 hoo
643 458 693 518 est
714 457 796 538 ΣΝ,
816 457 897 537 ΜΡ,
920 455 1115 521 incommen-

102 555 260 623 surabilis
282 561 368 644 sunt,
391 559 460 624 siue
484 562 562 642 ON,
582 563 658 642 NP,
682 561 745 625 hoo
768 566 818 626 est
840 565 929 641 MN,
948 561 1025 642 ΝΞ,
1048 563 1115 626 lon-

102 661 249 748 gitudine
271 664 616 731 incommensurabiles
641 665 711 749 [VI,
731 669 764 751 13
786 689 879 752 prop.
893 665 963 748 XI].
986 667 1116 732 demon·

102 769 281 835 strauimus
300 774 417 856 autem,
441 775 530 854 MN,
548 772 619 847 ΝΞ
640 777 673 838 et
690 774 813 838 medias
833 795 903 838 esse
922 777 955 839 et
968 773 1116 858 potentia

102 877 419 942 commensurabiles.
463 877 572 962 itaque
596 881 689 961 MN,
713 879 783 954 ΝΞ
808 879 933 944 mediae
961 884 1037 944 sunt
1059 901 1116 965 po·
1153 882 1157 889 '

102 982 207 1047 tentia
239 986 368 1047 tantum
400 984 716 1050 commensurabiles.
770 986 836 1051 iam
869 986 954 1071 dieo,
986 986 1116 1051 easdem

102 1088 246 1171 spatium
268 1088 430 1154 rationale
454 1090 734 1174 comprehendere.
771 1114 846 1156 nam
870 1093 1023 1177 quoniam
1042 1084 1115 1177 sup·

103 1195 282 1279 posuimus,
302 1199 336 1258 Δ
342 1199 374 1259 E
385 1196 515 1279 utrique
528 1199 604 1278 AB,
619 1201 682 1261 ΕΖ
697 1199 1021 1264 commensurabilem
1036 1220 1116 1283 esse,

103 1301 201 1365 etiam
234 1305 312 1383 EZ,
335 1303 406 1365 ΕΚ
435 1303 744 1369 commensurabiles
777 1308 858 1370 sunt.
914 1308 947 1369 et
977 1308 1116 1389 utraque

103 1407 273 1472 rationalis
297 1411 354 1472 est.
400 1429 498 1492 quare
517 1412 583 1472 EA
589 1454 599 1489 ,
622 1408 684 1472 hoo
707 1412 757 1472 est
780 1412 858 1490 MP,
881 1411 1042 1475 rationale
1065 1416 1116 1475 est

105 1516 210 1599 [prop.
232 1512 333 1593 XIX}
383 1535 497 1579 uerum
530 1516 657 1577 MP=
672 1516 755 1577 MN
765 1529 808 1580 ><
826 1513 901 1587 ΝΞ.
952 1522 1002 1580 sin
1034 1515 1115 1580 duae

106 1620 231 1684 mediae
248 1620 396 1703 potentia
413 1624 543 1683 tantum
558 1618 864 1683 commensurabiles
879 1625 1116 1702 componuntur

105 1727 246 1810 spatium
260 1726 423 1791 rationale
438 1725 754 1810 comprehendentes,
766 1728 838 1790 tota
847 1724 1047 1789 irrationalis
1058 1731 1116 1809 est,

103 1836 238 1897 uocatur
252 1836 361 1896 autem
376 1853 414 1896 ex
428 1832 552 1897 duabus
568 1831 682 1897 mediis
696 1833 801 1916 prima
818 1833 922 1916 [prop.
933 1829 1115 1912 XXXVIIJ.

170 1938 260 2023 Ergo
286 1937 358 2011 ΜΞ
379 1958 418 2002 ex
443 1938 567 2002 duabus
591 1939 706 2003 mediis
730 1939 837 2023 prima
856 1946 918 2022 est,
943 1937 1116 2021 quoderat

104 2043 397 2109 demonstrandum.

568 2185 653 2252 LVI.

170 2309 205 2376 Si
229 2310 369 2395 spatium
391 2314 481 2374 reeta
504 2309 659 2374 rationali
682 2315 715 2375 et
736 2315 824 2375 recta
847 2331 885 2375 ex
908 2311 1034 2376 duobus
1057 2333 1116 2375 no-

105 2418 245 2483 minibus
274 2418 373 2482 tertia
396 2416 691 2501 comprehenditur,
718 2422 808 2482 recta
835 2416 941 2502 spatio
971 2417 1116 2501 aequalis

107 2525 263 2609 quadrata
292 2523 491 2588 irrationalis
521 2527 570 2587 est
599 2545 637 2587 ex
665 2523 789 2588 duabus
822 2521 936 2586 mediis
966 2521 1115 2609 secunda,

102 2652 184 2718 quae
206 2634 350 2696 uocatur.

169 2734 317 2822 Spatium
331 2736 416 2799 enim
431 2738 569 2800 ΑΒΓΔ
583 2734 872 2820 comprehendatur
881 2732 1037 2797 rationali
1049 2736 1115 2797 ΑΒ

106 2848 138 2908 et
165 2847 255 2908 reeta
284 2863 322 2906 ex
350 2842 474 2906 duobus
500 2843 686 2908 nominibus
713 2842 811 2907 tertia
834 2844 904 2904 ΛΔ
926 2839 961 2903 in
982 2838 1117 2903 nomina

101 2949 136 3015 in
163 2953 195 3013 Ε
222 2947 341 3032 diuisa,
376 2969 512 3031 quorum
546 2948 651 3013 maius
679 2952 730 3012 est
757 2951 833 3012 ΛΕ.
882 2946 966 3027 dicu,
995 2947 1116 3008 rectam

104 3210 138 3249 ex
156 3197 209 3248 ΕΒ
229 3212 265 3248 m.
285 3209 340 3247 ree.
359 3192 390 3247 F.
445 3192 509 3263 ΕΖ]
529 3192 559 3246 in
576 3209 630 3246 ras.
645 3191 678 3245 V.
734 3187 900 3261 σύμμετρος]
921 3189 1018 3244 omF.
1075 3194 1117 3242 12.

105 3258 164 3334 ripa
183 3261 246 3320 doct
259 3264 290 3319 P.
349 3262 419 3390 μθ
439 3266 507 3318 mut.
527 3263 556 3317 in
575 3265 627 3316 ZE
645 3260 680 3330 V,
699 3265 750 3316 ΖΕ
768 3260 798 3318 P.
863 3268 905 3316 13.
923 3258 1067 3315 τουτέστιν
1085 3259 1117 3315 Ρ.

101 3405 124 3459 P
134 3340 186 3462 ὲ4.
210 3336 291 3400 ΜΝ,
310 3337 370 3392 Na

227 3400 390 3474 [th.
451 3401 571 3460 16.ἐστι
616 3402 801 3474 ,comth
857 3409 898 3458 17.
916 3403 982 3461 ΜΞ
1016 3404 1126 3465 MHZ,

99 3547 206 3615 τρίτην]
220 3562 305 3614 supra
322 3563 373 3602 scr.
393 3547 424 3602 F.
497 3554 542 3606 26.
563 3540 621 3627 ὧν]
642 3541 686 3611 ὧν
704 3550 739 3611 τό
757 3551 793 3611 P.
859 3549 936 3610 ioco
948 3544 1048 3600 We.

421 3375 427 3387 .
505 3331 615 3459 pivovp
634 3350 688 3388 om.
706 3332 795 3387 BFV.
878 3337 920 3388 15.
943 3331 1136 3385 συντεθῶσιν·

100 3476 157 3532 del.
178 3405 257 3543 ΖΞ.
331 3471 405 3547 ἐστί]
424 3493 461 3530 m.
481 3481 498 3531 2
516 3476 546 3531 F.
621 3481 665 3533 24.
686 3471 789 3553 [peta]
806 3493 898 3548 supra
913 3402 1022 3531 soefl.
1088 3473 1145 3522 ab.

1173 3610 1202 3739 'l
