2414 3832
381 192 655 245 annuanrouuu
672 193 782 244 mann
799 195 832 245 x.
974 263 983 279 ο
1047 193 1113 257 355

103 335 227 404 mediae
255 339 423 419 apotomes
453 334 610 399 secundae
639 336 793 401 rationali
817 336 1015 420 adplicatum
1038 338 1113 402 lati-

102 441 248 505 tudinem
272 441 373 506 efficit
396 445 571 525 apotomen
592 441 724 505 tertiam
749 443 854 525 [prop.
876 439 1012 524 XCIX],
1038 464 1113 527 qua-

102 548 231 611 dratum
251 551 359 612 autem
376 547 511 611 minoris
525 547 680 611 rationali
694 547 893 631 adplicatum
907 547 1113 612 latitudinem

101 654 201 719 efficit
224 658 399 738 apotomen
422 657 572 736 quartam
597 656 702 736 [prop.
717 650 768 733 0],
792 652 985 737 quadratum
1005 655 1115 718 autem

100 765 207 826 rectae
227 783 300 825 oum
318 760 470 824 rationali
488 762 595 825 totum
613 758 756 823 medium
773 758 946 822 efficientis
960 759 1114 823 rationali

101 868 298 951 adplicatum
313 865 520 931 latitudinem
535 865 636 929 efficit
650 867 824 948 apotomen
842 865 990 950 quintam
1009 868 1114 949 [prop

100 972 167 1056 OI]‚
186 974 380 1059 quadratum
399 976 508 1038 autem
522 975 629 1036 rectae
644 993 716 1036 oum
730 970 836 1035 medio
851 974 958 1035 totum
973 971 1114 1035 medium

100 1079 272 1144 efficientis
295 1079 446 1144 rationali
471 1077 669 1161 adplicatum
693 1077 900 1142 latitudinem
918 1077 1019 1141 effioit
1037 1098 1114 1160 apo-

98 1191 212 1251 tomen
236 1189 361 1251 sextam
385 1189 494 1269 [prop
518 1181 605 1264 Cll].
651 1183 717 1247 iam
742 1183 896 1268 quoniam
918 1183 1115 1268 latitudines,

48 1328 55 1338 ·
100 1314 182 1374 quas
201 1291 350 1374 diximus,
369 1294 402 1354 et
420 1313 440 1353 a
457 1290 562 1370 prima
581 1293 614 1354 et
632 1290 717 1354 inter
732 1310 766 1353 se
781 1281 942 1371 differunt,
962 1312 981 1353 a
999 1290 1114 1374 prima,

101 1397 177 1479 quia
194 1396 363 1459 rationalis
383 1397 441 1478 est,
464 1395 549 1458 inter
568 1417 602 1459 se
622 1399 740 1478 autem,
758 1395 835 1479 quia
854 1395 965 1459 ordine
984 1395 1115 1460 eaedem

100 1523 168 1566 non
192 1505 276 1584 sunt,
299 1501 447 1585 adparet,
473 1501 562 1584 ipsas
590 1521 718 1586 quoque
740 1501 948 1565 irrationales
971 1501 1057 1565 inter
1081 1522 1114 1566 se

101 1608 236 1673 differre.
255 1607 299 1672 nt
309 1607 463 1693 quoniam
476 1605 780 1690 demonstrauimus,
796 1610 970 1691 apotomen
980 1607 1114 1672 eandem

98 1737 165 1780 non
188 1736 260 1780 esse
284 1736 321 1779 ae
343 1716 467 1779 restam
486 1735 525 1778 ex
544 1713 669 1779 duobus
687 1715 874 1780 nominibus
896 1717 1000 1798 [prop
1016 1710 1115 1797 CXI],

100 1828 133 1888 et
166 1822 320 1887 rationali
352 1820 535 1905 adplicatae
566 1822 674 1885 reatae
701 1820 906 1884 irrationales
939 1823 1113 1904 apotomen

100 1932 270 2013 sequentes
284 1927 470 1992 latitudines
483 1926 628 1991 efficiunt
643 1930 812 2011 apotomas
828 1926 1004 1992 seeundum
1018 1948 1112 1990 suum

99 2055 244 2121 quaeque
264 2034 419 2118 ordinem,
437 2034 645 2099 irrationales
664 2037 773 2098 autem
791 2036 913 2098 rectam
933 2054 972 2097 ex
987 2032 1112 2098 duobus

99 2142 286 2205 nominibus
315 2144 486 2224 sequentes
512 2144 619 2204 restas
647 2161 686 2203 ex
714 2139 839 2204 duobus
868 2140 1052 2205 nominibus
1080 2143 1113 2204 et

100 2247 191 2328 ipsae
220 2245 394 2310 seeundum
426 2267 520 2309 suum
551 2265 696 2328 quaeque
728 2246 887 2326 ordinem,
920 2246 1003 2312 aliae
1037 2250 1113 2312 sunt

99 2351 306 2416 irrationales
344 2353 519 2434 apotomen
556 2354 744 2436 sequentes,
786 2353 869 2417 aliae
906 2353 1112 2417 irrationales

99 2461 221 2522 rectam
245 2479 285 2521 ex
308 2456 433 2521 duobus
455 2456 643 2521 nominibus
668 2461 847 2542 sequentes,
870 2458 918 2521 ita
940 2461 978 2522 ut
1001 2479 1111 2523 omnes

98 2562 180 2628 XIII
203 2563 410 2629 irrationales
434 2563 554 2628 ordine·
568 2562 630 2635 hae
654 2564 732 2628 sint:

170 2672 196 2735 1.
219 2669 336 2735 Media.

137 2864 141 2870 .
165 2778 195 2841 2.
219 2776 321 2842 Recta
344 2798 384 2841 ex
407 2775 532 2841 duobus
555 2775 751 2842 nominibus.

100 2864 143 2884 μ’
165 2884 195 2948 3.
217 2882 269 2948 Ex
292 2883 416 2949 duabus
440 2883 555 2948 mediis
578 2883 692 2967 prIma.

164 2992 194 3057 4.
217 2989 268 3056 Ex
292 2989 416 3055 duabus
439 2990 553 3055 mediis
578 2988 727 3054 secunda.

139 3096 194 3170 525.
216 3083 330 3163 Maior.

165 3205 194 3269 6.
217 3203 320 3270 Recta
335 3203 442 3290 spatio
453 3201 607 3268 rationali
621 3203 654 3266 et
666 3199 772 3265 medio
783 3203 929 3285 aequalis
941 3201 1108 3286 quadrata.

95 3397 149 3467 μέν
167 3397 204 3465 Β,
228 3394 261 3451 ul
277 3395 329 3467 μέν
352 3398 383 3464 b,
408 3395 460 3466 μέν
479 3411 563 3464 supra
582 3394 646 3449 add.
664 3412 702 3450 m.
720 3402 737 3449 2
754 3395 788 3450 Ε.
870 3401 920 3450 lt.
941 3392 1000 3454 aas
1013 3390 1055 3445 tu.
1069 3391 1131 3442 ntis
1152 3419 1162 3432 =

95 3464 256 3538 ὀνομάτων]
276 3484 329 3522 om.
349 3467 381 3523 V.
455 3471 498 3523 20.
518 3459 611 3531 αὐτάς
627 3467 658 3525 b.
735 3466 810 3525 stow
831 3460 954 3536 doun.
1024 3465 1083 3510 Ἃ.
1100 3453 1164 3514 ὣ

89 3555 142 3592 om
160 3539 191 3593 P.
262 3534 353 3610 perd]
368 3535 444 3594 nurui
464 3538 497 3598 P.

953 3619 1018 3675 aa*
