2414 3832
132 189 199 254 254
520 189 721 242 τοοιεωαα
739 185 765 242 ι’.

203 334 250 418 Τή
270 327 336 416 όίρα
351 340 383 398 A
389 338 416 398 Β
436 335 495 417 μία
514 329 622 417 μόνον
634 329 859 418 προσαρμόζει
873 326 991 396 εύθεία
1007 327 1151 415 δυνάμει

132 434 341 524 ἀσύμμετρος
370 429 456 504 οὖσα
483 441 523 524 τῇ
552 434 627 525 ὅλη,
656 437 737 523 μετὰ
761 436 797 504 δὲ
820 439 879 522 τής
902 433 981 520 ὅλης
1003 447 1149 504 ποιοῦσα

131 540 173 608 τό
195 567 231 609 τε
252 538 309 610 ἆτ’
331 540 444 610 αὐτῶν
466 541 657 630 τετράγωνα
675 540 744 629 ἅμα
763 543 868 630 μέσον
885 540 997 608 καὶτὸ
1018 542 1072 622 θὶς
1090 539 1147 610 ὑπ’

132 645 244 717 αύτοὸν
268 647 372 735 μέσον
394 649 450 716 καί
474 653 522 716 ἔτι
544 647 584 715 τίι
607 646 666 717 ἀπ’
692 648 807 718 αὐτῶν
828 648 1021 737 τετράγωνα
1044 647 1147 734 ίισύμ-

101 781 116 830 5
136 779 238 843 μετρα
261 758 307 847 τῷ
331 755 383 834 δὶς
406 751 462 822 ὑπ’
489 751 615 823 αὐτῶν·
639 755 719 842 ὅπερ
743 759 811 823 ἔδει
835 756 948 836 δείξαι.

504 965 611 1052 Ὅροι
633 974 769 1054 τρίτοι.

170 1093 173 1097 ’
200 1090 243 1157 α’.
273 1088 508 1176 Ὑποκειμένης
522 1092 623 1176 ῥητής
635 1090 691 1157 καὶ
706 1089 886 1178 ἀποτομῆς,
902 1088 961 1158 ἐὰν
976 1088 1037 1175 μέν
1051 1087 1072 1175 V
1087 1086 1147 1175 ὅλη

131 1200 190 1282 τής
203 1194 502 1284 προσαρμοζούσης
521 1201 632 1281 μείζον
648 1195 788 1280 δύνηται
808 1201 853 1288 τῷ
874 1193 938 1263 ἀπὸ
958 1197 1148 1282 συμμέτρου

132 1303 233 1391 έαυτή
268 1301 379 1389 μήκει,
412 1303 467 1369 καί
500 1299 520 1389 ή
557 1299 618 1388 ὅλη
647 1303 834 1389 σύμμετρος
860 1295 882 1391 ᾗ
910 1306 950 1390 τή
978 1300 1146 1389 ἐπιειμένη

81 1435 112 1483 10
132 1411 214 1497 ῥητή
238 1408 345 1496 μήκει,
368 1414 538 1477 καλείσθω
562 1407 737 1496 ἀποτομή
760 1412 899 1499 πρώτη.

199 1515 243 1602 β’.
274 1513 352 1584 Ἐὰν
373 1515 410 1584 δέ
433 1513 453 1603 ή
477 1516 755 1605 προσαρμόζουσα
778 1502 964 1603 σύμμετρος
990 1507 1011 1603 ᾖ
1035 1519 1075 1602 τή
1100 1516 1147 1582 έκ-

131 1623 266 1713 κειμένη
296 1626 378 1713 ῥητή
407 1623 518 1711 μήκει,
549 1623 606 1690 καὶ
633 1620 654 1709 ή
683 1620 744 1708 ὅλη
772 1626 831 1709 τής
852 1619 1147 1709 προσαρμοζούσης

131 1736 244 1814 μεῖζον
267 1729 410 1816 δύνηται
439 1740 484 1819 τῷ
513 1726 577 1797 ἀπὸ
607 1728 798 1815 συμμέτρου
831 1729 930 1816 ἑαυτῇ
937 1779 946 1812 ,
979 1732 1146 1794 καλείσθω

131 1831 308 1920 ἀποτομή
334 1834 508 1920 δευτέρα.

79 1964 111 2012 15
197 1939 239 2024 γ’.
270 1939 349 2005 Ἐὰν
375 1937 412 2004 δὲ
440 1937 605 2026 μηδετέρα
633 1939 818 2029 σύμμετρος
849 1931 871 2029 ᾖ
903 1942 944 2028 τῇ
978 1938 1145 2027 ἐκκειμένη

131 2047 214 2131 ῥητή
239 2042 347 2129 μήκει,
370 2042 391 2129 V
416 2042 453 2111 δὲ
478 2042 537 2131 ὅλη
561 2049 619 2132 τῆς
641 2044 939 2133 προσαρμοζούσης
960 2052 1072 2132 μεῖζον
1093 2047 1146 2113 θύ-

130 2176 228 2236 νηται
251 2153 296 2240 τῷ
321 2145 386 2216 ἀπὸ
412 2154 603 2239 συμμέτρου
627 2153 744 2241 έαυτή,
774 2157 944 2220 καλείσθω
967 2149 1145 2238 ύποτομή

130 2262 249 2343 τρίτη.

102 2443 104 2447 ι
199 2362 241 2432 θ’.
274 2363 397 2450 Πάλιν,
421 2362 480 2434 ἐὰν
503 2363 524 2452 ή
549 2363 610 2452 ὅλη
634 2370 692 2453 τής
714 2363 1013 2454 προσαρμοζούσης
1036 2370 1146 2451 μεῖζον

78 2494 112 2542 κο
132 2469 272 2556 δύνηται
295 2474 341 2561 τῷ
366 2467 431 2539 ἀπὸ
460 2467 673 2560 ἀσυμμέτρου
701 2473 800 2558 έαυτή
825 2469 965 2557 [μήκει],
999 2469 1058 2539 ἐὰν
1087 2471 1146 2558 μὲν

130 2574 150 2662 ή
171 2574 231 2663 ὅλη
252 2576 438 2664 σύμμετρος
457 2570 478 2665 ή
497 2581 537 2666 τή
557 2577 728 2667 έκκειμένη
748 2580 830 2665 ῥητή
851 2576 959 2664 μήκει,
977 2583 1145 2646 καλείσθω

131 2680 308 2770 ἀποτομή
332 2686 508 2771 τετάρτη.

198 2788 231 2858 ε’.
256 2787 335 2858 Ἐὰν
359 2789 397 2857 δὲ
419 2786 440 2877 ή
459 2789 747 2877 προσαρμόζουσα,
769 2792 928 2877 πέμπτη.

198 2895 235 2963 ς’.
264 2894 344 2963 Ἐὰν
368 2895 405 2963 δὲ
428 2898 602 2984 μηδετέρα,
627 2898 723 2982 έκτη.

204 3108 363 3195 Ιμόνηλί.
435 3105 627 3199 προσαρμόσει
646 3108 734 3164 BFV.
808 3117 831 3165 3.
852 3106 904 3181 τά]
930 3127 982 3165 om.
1003 3111 1035 3178 b,
1064 3107 1142 3164 τόΡ.

167 3181 394 3250 τετρύηωνονΡ.
458 3179 530 3252 μέσα
550 3183 583 3235 V.
652 3187 677 3235 4.
697 3180 746 3235 καλ
765 3178 805 3235 ἔτι
779 3181 819 3306 a)
841 3179 881 3236 ἔτι
900 3200 929 3236 τε
950 3153 1064 3236 BFVb
1119 3187 1143 3235 θ.

131 3251 192 3323 δίς]
212 3254 307 3308 om.b
381 3248 493 3324 αύτων]
513 3251 632 3308 οεοεΗΒ
706 3245 776 3322 ὅπερ
812 3255 855 3307 δει
874 3253 935 3318 &a
921 3253 984 3322 αι]
1009 3269 1063 3307 om.
1083 3251 1143 3305 BV.

167 3317 472 3396 6.3902202'w.]1³v‚
492 3342 547 3394 mg.
567 3342 603 3378 m.
623 3323 689 3390 213,
710 3339 763 3379 om.
782 3323 818 3390 Ἐς
836 3342 872 3378 πε
879 3322 1009 3394 '‚.bmg
1029 3341 1066 3380 m.
1082 3322 1142 3377 23.

129 3408 259 3447 numeros
279 3409 333 3449 om.
353 3394 432 3449 codd.
507 3401 531 3450 7.
550 3390 591 3482 ἡ]
605 3411 660 3449 om.
679 3366 711 3448 Β.
784 3399 809 3450 8.
829 3366 999 3463 δύνατόαφ.
1057 3391 1144 3462 ἀσυμ-

114 3461 230 3528 μέτρου
247 3462 310 3531 BV
331 3466 381 3521 sed
402 3481 471 3522 corr.
532 3461 609 3556 μή]
628 3481 784 3536 suprascr.
804 3482 840 3520 m
861 3466 922 3534 lb,
942 3482 995 3520 om
1013 3466 1045 3520 V.
1103 3470 1143 3517 11.

104 3529 143 3583 el
161 3532 187 3586 V.
268 3541 314 3592 12.
336 3532 483 3609 καλή-
505 3542 547 3592 13.
570 3531 677 3608 ἓαυτῇή
694 3553 751 3592 om
764 3535 826 3599 Vb.
840 3552 901 3603 mg.
916 3553 956 3588 m.
970 3535 1042 3588 θΒ.
1103 3540 1147 3587 1‘2.
