<?xml version="1.0" encoding="UTF-8"?>
<!DOCTYPE html PUBLIC "-//W3C//DTD XHTML 1.0 Transitional//EN"
    "http://www.w3.org/TR/xhtml1/DTD/xhtml1-transitional.dtd">
<html xmlns="http://www.w3.org/1999/xhtml" xml:lang="en" lang="en">
 <head>
  <title>
</title>
<meta http-equiv="Content-Type" content="text/html;charset=utf-8" />
  <meta name='ocr-system' content='tesseract 3.04.00' />
  <meta name='ocr-capabilities' content='ocr_page ocr_carea ocr_par ocr_line ocrx_word'/>
</head>
<body>
  <div class='ocr_page' id='page_1' title='image "./euclidisoperaom17unkngoog_0231.png"; bbox 0 0 2414 3832; ppageno 0'>
   <div class='ocr_carea' id='block_1_1' title="bbox 379 199 1115 265">
    <p class='ocr_par' dir='ltr' id='par_1_1' title="bbox 379 199 1115 265">
     <span class='ocr_line' id='line_1_1' title="bbox 379 199 1115 265; baseline 0.015 -11"><span class='ocrx_word' id='word_1_1' title='bbox 379 205 655 256; x_wconf 77' lang='lat' dir='ltr'>nnanmuroauu</span> <span class='ocrx_word' id='word_1_2' title='bbox 672 204 782 256; x_wconf 75' lang='lat' dir='ltr'>amna</span> <span class='ocrx_word' id='word_1_3' title='bbox 800 205 833 256; x_wconf 78' lang='lat' dir='ltr'>X.</span> <span class='ocrx_word' id='word_1_4' title='bbox 1049 199 1115 265; x_wconf 82' lang='lat'>219</span> 
     </span>
    </p>
   </div>
   <div class='ocr_carea' id='block_1_2' title="bbox 96 346 1199 3409">
    <p class='ocr_par' dir='ltr' id='par_1_2' title="bbox 96 346 1116 1177">
     <span class='ocr_line' id='line_1_2' title="bbox 97 346 1116 430; baseline -0.003 -16"><span class='ocrx_word' id='word_1_5' title='bbox 97 346 184 414; x_wconf 86' lang='lat' dir='ltr'>nalis</span> <span class='ocrx_word' id='word_1_6' title='bbox 218 351 277 412; x_wconf 86' lang='lat' dir='ltr'>est.</span> <span class='ocrx_word' id='word_1_7' title='bbox 333 347 382 411; x_wconf 91' lang='lat' dir='ltr'>sin</span> <span class='ocrx_word' id='word_1_8' title='bbox 416 348 557 430; x_wconf 86' lang='lat' dir='ltr'>spatium</span> <span class='ocrx_word' id='word_1_9' title='bbox 589 349 679 411; x_wconf 82' lang='lat' dir='ltr'>reeta</span> <span class='ocrx_word' id='word_1_10' title='bbox 710 347 862 412; x_wconf 76' lang='lat' dir='ltr'>rationali</span> <span class='ocrx_word' id='word_1_11' title='bbox 893 352 935 413; x_wconf 71' lang='lat' dir='ltr'>et&#39;</span> <span class='ocrx_word' id='word_1_12' title='bbox 956 350 1046 412; x_wconf 84' lang='lat' dir='ltr'>recta</span> <span class='ocrx_word' id='word_1_13' title='bbox 1077 369 1116 412; x_wconf 85' lang='lat' dir='ltr'>ex</span> 
     </span>
     <span class='ocr_line' id='line_1_3' title="bbox 96 452 1115 543; baseline -0.001 -23"><span class='ocrx_word' id='word_1_14' title='bbox 96 454 224 521; x_wconf 85' lang='lat' dir='ltr'>duobus</span> <span class='ocrx_word' id='word_1_15' title='bbox 242 453 428 520; x_wconf 82' lang='lat' dir='ltr'>nominibus</span> <span class='ocrx_word' id='word_1_16' title='bbox 447 453 561 543; x_wconf 89' lang='lat' dir='ltr'>quinta</span> <span class='ocrx_word' id='word_1_17' title='bbox 580 452 871 538; x_wconf 81' lang='lat' dir='ltr'>comprehenditur,</span> <span class='ocrx_word' id='word_1_18' title='bbox 894 457 985 519; x_wconf 85' lang='lat' dir='ltr'>reeta</span> <span class='ocrx_word' id='word_1_19' title='bbox 1008 455 1115 538; x_wconf 89' lang='lat' dir='ltr'>spatio</span> 
     </span>
     <span class='ocr_line' id='line_1_4' title="bbox 99 559 1115 646; baseline -0.002 -20"><span class='ocrx_word' id='word_1_20' title='bbox 99 560 245 646; x_wconf 85' lang='lat' dir='ltr'>aequalis</span> <span class='ocrx_word' id='word_1_21' title='bbox 269 559 428 646; x_wconf 86' lang='lat' dir='ltr'>quadrata</span> <span class='ocrx_word' id='word_1_22' title='bbox 450 562 540 624; x_wconf 82' lang='lat' dir='ltr'>reeta</span> <span class='ocrx_word' id='word_1_23' title='bbox 566 559 673 642; x_wconf 86' lang='lat' dir='ltr'>spatio</span> <span class='ocrx_word' id='word_1_24' title='bbox 697 560 852 625; x_wconf 72' lang='lat' dir='ltr'>rationali</span> <span class='ocrx_word' id='word_1_25' title='bbox 876 564 908 625; x_wconf 91' lang='lat' dir='ltr'>et</span> <span class='ocrx_word' id='word_1_26' title='bbox 931 560 1036 626; x_wconf 88' lang='lat' dir='ltr'>madio</span> <span class='ocrx_word' id='word_1_27' title='bbox 1063 581 1115 625; x_wconf 87' lang='lat' dir='ltr'>ae-</span> 
     </span>
     <span class='ocr_line' id='line_1_5' title="bbox 97 665 1114 752; baseline 0 -21"><span class='ocrx_word' id='word_1_28' title='bbox 97 666 204 752; x_wconf 86' lang='lat' dir='ltr'>qualis</span> <span class='ocrx_word' id='word_1_29' title='bbox 223 667 381 752; x_wconf 87' lang='lat' dir='ltr'>quadrata</span> <span class='ocrx_word' id='word_1_30' title='bbox 401 670 450 731; x_wconf 88' lang='lat' dir='ltr'>est</span> <span class='ocrx_word' id='word_1_31' title='bbox 470 669 574 750; x_wconf 88' lang='lat' dir='ltr'><strong>[prop.</strong></span> <span class='ocrx_word' id='word_1_32' title='bbox 593 665 726 747; x_wconf 65' lang='lat' dir='ltr'><strong>LVIII}</strong></span> <span class='ocrx_word' id='word_1_33' title='bbox 763 666 872 750; x_wconf 74' lang='lat' dir='ltr'>itaque</span> <span class='ocrx_word' id='word_1_34' title='bbox 895 669 984 731; x_wconf 83' lang='lat' dir='ltr'>reeta</span> <span class='ocrx_word' id='word_1_35' title='bbox 1008 665 1114 749; x_wconf 85' lang='lat' dir='ltr'>spatio</span> 
     </span>
     <span class='ocr_line' id='line_1_6' title="bbox 99 770 1114 858; baseline -0.001 -21"><span class='ocrx_word' id='word_1_36' title='bbox 99 777 158 838; x_wconf 86' lang='grc' dir='ltr'>ΕΙ</span> <span class='ocrx_word' id='word_1_37' title='bbox 179 773 324 857; x_wconf 89' lang='lat' dir='ltr'>aequalis</span> <span class='ocrx_word' id='word_1_38' title='bbox 348 772 506 857; x_wconf 87' lang='lat' dir='ltr'>quadrata</span> <span class='ocrx_word' id='word_1_39' title='bbox 529 775 619 838; x_wconf 87' lang='lat' dir='ltr'>reota</span> <span class='ocrx_word' id='word_1_40' title='bbox 642 772 750 858; x_wconf 87' lang='lat' dir='ltr'>spatio</span> <span class='ocrx_word' id='word_1_41' title='bbox 772 773 926 839; x_wconf 78' lang='lat' dir='ltr'>rationali</span> <span class='ocrx_word' id='word_1_42' title='bbox 954 774 987 836; x_wconf 89' lang='lat' dir='ltr'>et</span> <span class='ocrx_word' id='word_1_43' title='bbox 1009 770 1114 836; x_wconf 88' lang='lat' dir='ltr'>medio</span> 
     </span>
     <span class='ocr_line' id='line_1_7' title="bbox 99 878 1115 965; baseline -0.002 -21"><span class='ocrx_word' id='word_1_44' title='bbox 99 879 244 964; x_wconf 87' lang='lat' dir='ltr'>aequalis</span> <span class='ocrx_word' id='word_1_45' title='bbox 271 879 428 965; x_wconf 85' lang='lat' dir='ltr'>quadrata</span> <span class='ocrx_word' id='word_1_46' title='bbox 453 883 510 944; x_wconf 87' lang='lat' dir='ltr'>est.</span> <span class='ocrx_word' id='word_1_47' title='bbox 557 885 655 965; x_wconf 89' lang='lat' dir='ltr'>quara</span> <span class='ocrx_word' id='word_1_48' title='bbox 679 880 777 943; x_wconf 91' lang='lat' dir='ltr'>etiam</span> <span class='ocrx_word' id='word_1_49' title='bbox 800 882 891 945; x_wconf 83' lang='lat' dir='ltr'>reeta</span> <span class='ocrx_word' id='word_1_50' title='bbox 914 878 1021 962; x_wconf 86' lang='lat' dir='ltr'>spatio</span> <span class='ocrx_word' id='word_1_51' title='bbox 1044 882 1115 942; x_wconf 89' lang='grc' dir='ltr'>ΑΔ</span> 
     </span>
     <span class='ocr_line' id='line_1_8' title="bbox 100 984 1115 1071; baseline -0.003 -20"><span class='ocrx_word' id='word_1_52' title='bbox 100 986 246 1071; x_wconf 86' lang='lat' dir='ltr'>aequalis</span> <span class='ocrx_word' id='word_1_53' title='bbox 270 985 429 1070; x_wconf 88' lang='lat' dir='ltr'>quadrata</span> <span class='ocrx_word' id='word_1_54' title='bbox 451 989 540 1050; x_wconf 89' lang='lat' dir='ltr'>reeta</span> <span class='ocrx_word' id='word_1_55' title='bbox 568 985 675 1070; x_wconf 86' lang='lat' dir='ltr'>spatio</span> <span class='ocrx_word' id='word_1_56' title='bbox 699 985 852 1051; x_wconf 91' lang='lat' dir='ltr'>rationali</span> <span class='ocrx_word' id='word_1_57' title='bbox 876 990 909 1051; x_wconf 92' lang='lat' dir='ltr'>et</span> <span class='ocrx_word' id='word_1_58' title='bbox 932 984 1039 1050; x_wconf 87' lang='lat' dir='ltr'>medio</span> <span class='ocrx_word' id='word_1_59' title='bbox 1064 1005 1115 1050; x_wconf 87' lang='lat' dir='ltr'>aa·</span> 
     </span>
     <span class='ocr_line' id='line_1_9' title="bbox 99 1091 470 1177; baseline 0 -21"><span class='ocrx_word' id='word_1_60' title='bbox 99 1092 206 1176; x_wconf 86' lang='lat' dir='ltr'>qualis</span> <span class='ocrx_word' id='word_1_61' title='bbox 230 1091 389 1177; x_wconf 88' lang='lat' dir='ltr'>quadrata</span> <span class='ocrx_word' id='word_1_62' title='bbox 412 1096 470 1157; x_wconf 84' lang='lat' dir='ltr'>est.</span> 
     </span>
    </p>

    <p class='ocr_par' dir='ltr' id='par_1_3' title="bbox 98 1197 1117 1690">
     <span class='ocr_line' id='line_1_10' title="bbox 164 1197 1117 1284; baseline -0.001 -20"><span class='ocrx_word' id='word_1_63' title='bbox 164 1197 255 1283; x_wconf 77' lang='lat' dir='ltr'>Ergo</span> <span class='ocrx_word' id='word_1_64' title='bbox 271 1198 386 1283; x_wconf 86' lang='lat' dir='ltr'>spatiis</span> <span class='ocrx_word' id='word_1_65' title='bbox 405 1198 561 1263; x_wconf 86' lang='lat' dir='ltr'>rationali</span> <span class='ocrx_word' id='word_1_66' title='bbox 580 1201 613 1262; x_wconf 87' lang='lat' dir='ltr'>et</span> <span class='ocrx_word' id='word_1_67' title='bbox 629 1199 734 1264; x_wconf 89' lang='lat' dir='ltr'>medio</span> <span class='ocrx_word' id='word_1_68' title='bbox 753 1199 942 1284; x_wconf 81' lang='lat' dir='ltr'>eompositis</span> <span class='ocrx_word' id='word_1_69' title='bbox 962 1201 1117 1283; x_wconf 89' lang='lat' dir='ltr'>quattuor</span> 
     </span>
     <span class='ocr_line' id='line_1_11' title="bbox 98 1305 1117 1387; baseline -0.001 -17"><span class='ocrx_word' id='word_1_70' title='bbox 98 1305 307 1370; x_wconf 85' lang='lat' dir='ltr'>irrationales</span> <span class='ocrx_word' id='word_1_71' title='bbox 331 1305 496 1387; x_wconf 84' lang='lat' dir='ltr'>oriuntur,</span> <span class='ocrx_word' id='word_1_72' title='bbox 523 1308 580 1370; x_wconf 94' lang='lat' dir='ltr'>aut</span> <span class='ocrx_word' id='word_1_73' title='bbox 606 1309 697 1370; x_wconf 85' lang='lat' dir='ltr'>reeta</span> <span class='ocrx_word' id='word_1_74' title='bbox 720 1327 759 1370; x_wconf 89' lang='lat' dir='ltr'>ex</span> <span class='ocrx_word' id='word_1_75' title='bbox 782 1305 907 1372; x_wconf 85' lang='lat' dir='ltr'>duobus</span> <span class='ocrx_word' id='word_1_76' title='bbox 930 1305 1117 1371; x_wconf 82' lang='lat' dir='ltr'>nominibus</span> 
     </span>
     <span class='ocr_line' id='line_1_12' title="bbox 99 1410 1117 1496; baseline 0 -20"><span class='ocrx_word' id='word_1_77' title='bbox 99 1416 157 1476; x_wconf 89' lang='lat' dir='ltr'>aut</span> <span class='ocrx_word' id='word_1_78' title='bbox 180 1433 220 1476; x_wconf 85' lang='lat' dir='ltr'>ex</span> <span class='ocrx_word' id='word_1_79' title='bbox 243 1411 367 1476; x_wconf 87' lang='lat' dir='ltr'>duabus</span> <span class='ocrx_word' id='word_1_80' title='bbox 391 1411 506 1476; x_wconf 83' lang='lat' dir='ltr'>mediis</span> <span class='ocrx_word' id='word_1_81' title='bbox 529 1410 635 1496; x_wconf 90' lang='lat' dir='ltr'>prima</span> <span class='ocrx_word' id='word_1_82' title='bbox 659 1414 716 1475; x_wconf 90' lang='lat' dir='ltr'>aut</span> <span class='ocrx_word' id='word_1_83' title='bbox 734 1411 838 1476; x_wconf 91' lang='lat' dir='ltr'>maior</span> <span class='ocrx_word' id='word_1_84' title='bbox 861 1415 917 1477; x_wconf 90' lang='lat' dir='ltr'>aut</span> <span class='ocrx_word' id='word_1_85' title='bbox 940 1412 1047 1494; x_wconf 88' lang='lat' dir='ltr'>spatio</span> <span class='ocrx_word' id='word_1_86' title='bbox 1067 1433 1117 1476; x_wconf 90' lang='lat' dir='ltr'>ra·</span> 
     </span>
     <span class='ocr_line' id='line_1_13' title="bbox 98 1516 1116 1601; baseline 0 -18"><span class='ocrx_word' id='word_1_87' title='bbox 98 1517 218 1583; x_wconf 88' lang='lat' dir='ltr'>tionali</span> <span class='ocrx_word' id='word_1_88' title='bbox 241 1521 275 1581; x_wconf 90' lang='lat' dir='ltr'>et</span> <span class='ocrx_word' id='word_1_89' title='bbox 297 1517 404 1583; x_wconf 92' lang='lat' dir='ltr'>medio</span> <span class='ocrx_word' id='word_1_90' title='bbox 428 1517 573 1601; x_wconf 89' lang='lat' dir='ltr'>aequalis</span> <span class='ocrx_word' id='word_1_91' title='bbox 597 1516 766 1601; x_wconf 83' lang='lat' dir='ltr'>quadrata3</span> <span class='ocrx_word' id='word_1_92' title='bbox 791 1516 876 1601; x_wconf 91' lang='lat' dir='ltr'>quod</span> <span class='ocrx_word' id='word_1_93' title='bbox 895 1519 966 1581; x_wconf 87' lang='lat' dir='ltr'>erat</span> <span class='ocrx_word' id='word_1_94' title='bbox 985 1517 1116 1583; x_wconf 87' lang='lat' dir='ltr'>demon·</span> 
     </span>
     <span class='ocr_line' id='line_1_14' title="bbox 100 1624 279 1690; baseline -0.011 -1"><span class='ocrx_word' id='word_1_95' title='bbox 100 1624 279 1690; x_wconf 85' lang='lat' dir='ltr'>strandum.</span> 
     </span>
    </p>

    <p class='ocr_par' dir='ltr' id='par_1_4' title="bbox 544 1710 675 1777">
     <span class='ocr_line' id='line_1_15' title="bbox 544 1710 675 1777; baseline 0.015 -2"><span class='ocrx_word' id='word_1_96' title='bbox 544 1710 675 1777; x_wconf 89' lang='lat' dir='ltr'>LXXII.</span> 
     </span>
    </p>

    <p class='ocr_par' dir='ltr' id='par_1_5' title="bbox 100 1835 1116 2242">
     <span class='ocr_line' id='line_1_16' title="bbox 166 1835 1116 1920; baseline -0.001 -20"><span class='ocrx_word' id='word_1_97' title='bbox 166 1835 302 1903; x_wconf 87' lang='lat' dir='ltr'>Duobus</span> <span class='ocrx_word' id='word_1_98' title='bbox 322 1837 435 1902; x_wconf 89' lang='lat' dir='ltr'>mediis</span> <span class='ocrx_word' id='word_1_99' title='bbox 455 1837 518 1902; x_wconf 89' lang='lat' dir='ltr'>sibi</span> <span class='ocrx_word' id='word_1_100' title='bbox 532 1836 912 1904; x_wconf 84' lang='lat' dir='ltr'>incommensurabilibus</span> <span class='ocrx_word' id='word_1_101' title='bbox 927 1835 1116 1920; x_wconf 84' lang='lat' dir='ltr'>compositis</span> 
     </span>
     <span class='ocr_line' id='line_1_17' title="bbox 101 1942 1116 2030; baseline -0.003 -22"><span class='ocrx_word' id='word_1_102' title='bbox 101 1944 245 2030; x_wconf 86' lang='lat' dir='ltr'>reliquae</span> <span class='ocrx_word' id='word_1_103' title='bbox 259 1944 341 2008; x_wconf 87' lang='lat' dir='ltr'>duae</span> <span class='ocrx_word' id='word_1_104' title='bbox 356 1944 563 2010; x_wconf 86' lang='lat' dir='ltr'>irrationales</span> <span class='ocrx_word' id='word_1_105' title='bbox 579 1945 736 2029; x_wconf 82' lang='lat' dir='ltr'>oriuntur,</span> <span class='ocrx_word' id='word_1_106' title='bbox 755 1947 813 2009; x_wconf 89' lang='lat' dir='ltr'>aut</span> <span class='ocrx_word' id='word_1_107' title='bbox 829 1947 918 2009; x_wconf 85' lang='lat' dir='ltr'>reeta</span> <span class='ocrx_word' id='word_1_108' title='bbox 933 1965 972 2008; x_wconf 89' lang='lat' dir='ltr'>ex</span> <span class='ocrx_word' id='word_1_109' title='bbox 991 1942 1116 2007; x_wconf 86' lang='lat' dir='ltr'>duabus</span> 
     </span>
     <span class='ocr_line' id='line_1_18' title="bbox 100 2049 1116 2136; baseline -0.002 -21"><span class='ocrx_word' id='word_1_110' title='bbox 100 2050 216 2115; x_wconf 86' lang='lat' dir='ltr'>madiis</span> <span class='ocrx_word' id='word_1_111' title='bbox 250 2051 390 2116; x_wconf 82' lang='lat' dir='ltr'>secunda</span> <span class='ocrx_word' id='word_1_112' title='bbox 422 2053 480 2116; x_wconf 90' lang='lat' dir='ltr'>aut</span> <span class='ocrx_word' id='word_1_113' title='bbox 511 2051 635 2117; x_wconf 86' lang='lat' dir='ltr'>duobus</span> <span class='ocrx_word' id='word_1_114' title='bbox 671 2051 786 2136; x_wconf 88' lang='lat' dir='ltr'>spatiis</span> <span class='ocrx_word' id='word_1_115' title='bbox 822 2050 937 2116; x_wconf 87' lang='lat' dir='ltr'>mediis</span> <span class='ocrx_word' id='word_1_116' title='bbox 971 2049 1116 2134; x_wconf 84' lang='lat' dir='ltr'>aequalis</span> 
     </span>
     <span class='ocr_line' id='line_1_19' title="bbox 101 2157 936 2242; baseline 0 -20"><span class='ocrx_word' id='word_1_117' title='bbox 101 2157 270 2242; x_wconf 85' lang='lat' dir='ltr'>quadrata.</span> <span class='ocrx_word' id='word_1_118' title='bbox 929 2168 936 2182; x_wconf 88' lang='grc'><em>·</em></span> 
     </span>
    </p>

    <p class='ocr_par' dir='ltr' id='par_1_6' title="bbox 101 2261 1118 2668">
     <span class='ocr_line' id='line_1_20' title="bbox 168 2261 1118 2348; baseline -0.002 -20"><span class='ocrx_word' id='word_1_119' title='bbox 168 2261 416 2348; x_wconf 77' lang='lat' dir='ltr'>Componantur</span> <span class='ocrx_word' id='word_1_120' title='bbox 425 2265 510 2329; x_wconf 90' lang='lat' dir='ltr'>enim</span> <span class='ocrx_word' id='word_1_121' title='bbox 518 2263 580 2330; x_wconf 94' lang='lat' dir='ltr'>duo</span> <span class='ocrx_word' id='word_1_122' title='bbox 589 2265 696 2330; x_wconf 89' lang='lat' dir='ltr'>media</span> <span class='ocrx_word' id='word_1_123' title='bbox 704 2265 767 2330; x_wconf 88' lang='lat' dir='ltr'>sibi</span> <span class='ocrx_word' id='word_1_124' title='bbox 776 2261 1118 2330; x_wconf 84' lang='lat' dir='ltr'>incommensurabilia</span> 
     </span>
     <span class='ocr_line' id='line_1_21' title="bbox 101 2368 1118 2456; baseline -0.002 -22"><span class='ocrx_word' id='word_1_125' title='bbox 101 2374 177 2454; x_wconf 86' lang='lat' dir='ltr'>AB,</span> <span class='ocrx_word' id='word_1_126' title='bbox 192 2372 264 2437; x_wconf 86' lang='grc' dir='ltr'>ΓΔ.</span> <span class='ocrx_word' id='word_1_127' title='bbox 301 2371 382 2456; x_wconf 80' lang='lat' dir='ltr'>dioo,</span> <span class='ocrx_word' id='word_1_128' title='bbox 399 2374 523 2435; x_wconf 80' lang='lat' dir='ltr'>rectam</span> <span class='ocrx_word' id='word_1_129' title='bbox 538 2371 645 2454; x_wconf 85' lang='lat' dir='ltr'>spatio</span> <span class='ocrx_word' id='word_1_130' title='bbox 660 2374 693 2434; x_wconf 85' lang='lat' dir='ltr'><em>A</em></span> <span class='ocrx_word' id='word_1_131' title='bbox 698 2376 732 2434; x_wconf 94' lang='lat' dir='ltr'><em>A</em></span> <span class='ocrx_word' id='word_1_132' title='bbox 746 2371 912 2455; x_wconf 86' lang='lat' dir='ltr'>aequalem</span> <span class='ocrx_word' id='word_1_133' title='bbox 927 2368 1118 2454; x_wconf 90' lang='lat' dir='ltr'>quadratam</span> 
     </span>
     <span class='ocr_line' id='line_1_22' title="bbox 104 2473 1118 2559; baseline -0.002 -18"><span class='ocrx_word' id='word_1_134' title='bbox 104 2480 162 2541; x_wconf 89' lang='lat' dir='ltr'>aut</span> <span class='ocrx_word' id='word_1_135' title='bbox 180 2498 219 2542; x_wconf 82' lang='lat' dir='ltr'>ex</span> <span class='ocrx_word' id='word_1_136' title='bbox 239 2475 362 2542; x_wconf 88' lang='lat' dir='ltr'>duabus</span> <span class='ocrx_word' id='word_1_137' title='bbox 377 2477 499 2542; x_wconf 85' lang='lat' dir='ltr'>madiis·</span> <span class='ocrx_word' id='word_1_138' title='bbox 507 2476 683 2543; x_wconf 78' lang='lat' dir='ltr'>secundam</span> <span class='ocrx_word' id='word_1_139' title='bbox 697 2497 768 2541; x_wconf 88' lang='lat' dir='ltr'>esse</span> <span class='ocrx_word' id='word_1_140' title='bbox 788 2479 844 2541; x_wconf 88' lang='lat' dir='ltr'>aut</span> <span class='ocrx_word' id='word_1_141' title='bbox 862 2475 987 2540; x_wconf 88' lang='lat' dir='ltr'>duobus</span> <span class='ocrx_word' id='word_1_142' title='bbox 1002 2473 1118 2559; x_wconf 86' lang='lat' dir='ltr'>spatiis</span> 
     </span>
     <span class='ocr_line' id='line_1_23' title="bbox 101 2582 630 2668; baseline 0.002 -21"><span class='ocrx_word' id='word_1_143' title='bbox 101 2582 216 2648; x_wconf 89' lang='lat' dir='ltr'>mediis</span> <span class='ocrx_word' id='word_1_144' title='bbox 240 2583 409 2668; x_wconf 88' lang='lat' dir='ltr'>aequalem</span> <span class='ocrx_word' id='word_1_145' title='bbox 433 2583 630 2667; x_wconf 89' lang='lat' dir='ltr'>quadratam.</span> 
     </span>
    </p>

    <p class='ocr_par' dir='ltr' id='par_1_7' title="bbox 101 2687 1121 2880">
     <span class='ocr_line' id='line_1_24' title="bbox 168 2687 1120 2770; baseline -0.001 -17"><span class='ocrx_word' id='word_1_146' title='bbox 168 2711 245 2754; x_wconf 91' lang='lat' dir='ltr'>nam</span> <span class='ocrx_word' id='word_1_147' title='bbox 261 2711 301 2753; x_wconf 90' lang='lat' dir='ltr'>au</span> <span class='ocrx_word' id='word_1_148' title='bbox 303 2689 517 2762; x_wconf 76' lang='lat' dir='ltr'>AtB&gt;I¹A</span> <span class='ocrx_word' id='word_1_149' title='bbox 537 2692 593 2753; x_wconf 90' lang='lat' dir='ltr'>aut</span> <span class='ocrx_word' id='word_1_150' title='bbox 612 2692 678 2753; x_wconf 86' lang='lat' dir='ltr'>AB</span> <span class='ocrx_word' id='word_1_151' title='bbox 688 2690 807 2761; x_wconf 90' lang='grc' dir='ltr'>&lt;ΓΔ</span> <span class='ocrx_word' id='word_1_152' title='bbox 845 2687 888 2752; x_wconf 87' lang='lat' dir='ltr'>srt</span> <span class='ocrx_word' id='word_1_153' title='bbox 903 2687 996 2751; x_wconf 88' lang='lat' dir='ltr'>uerbr</span> <span class='ocrx_word' id='word_1_154' title='bbox 1013 2688 1120 2770; x_wconf 83' lang='lat' dir='ltr'>gratia</span> 
     </span>
     <span class='ocr_line' id='line_1_25' title="bbox 101 2793 1121 2880; baseline -0.004 -18"><span class='ocrx_word' id='word_1_155' title='bbox 101 2796 193 2880; x_wconf 90' lang='lat' dir='ltr'>prius</span> <span class='ocrx_word' id='word_1_156' title='bbox 217 2800 283 2861; x_wconf 87' lang='lat' dir='ltr'>AB</span> <span class='ocrx_word' id='word_1_157' title='bbox 297 2805 332 2869; x_wconf 89' lang='lat'>&gt;</span> <span class='ocrx_word' id='word_1_158' title='bbox 347 2796 487 2878; x_wconf 81' lang='lat' dir='ltr'>FA,et</span> <span class='ocrx_word' id='word_1_159' title='bbox 455 2799 612 2879; x_wconf 88' lang='lat' dir='ltr'>etpona</span> <span class='ocrx_word' id='word_1_160' title='bbox 613 2817 651 2859; x_wconf 90' lang='lat' dir='ltr'>ur</span> <span class='ocrx_word' id='word_1_161' title='bbox 679 2798 768 2860; x_wconf 84' lang='lat' dir='ltr'>reeta</span> <span class='ocrx_word' id='word_1_162' title='bbox 790 2793 962 2859; x_wconf 84' lang='lat' dir='ltr'>rationalis</span> <span class='ocrx_word' id='word_1_163' title='bbox 985 2796 1063 2876; x_wconf 78' lang='grc' dir='ltr'>ΕΖ,</span> <span class='ocrx_word' id='word_1_164' title='bbox 1087 2799 1121 2858; x_wconf 87' lang='lat' dir='ltr'>et</span> 
     </span>
    </p>

    <p class='ocr_par' dir='ltr' id='par_1_8' title="bbox 174 2900 1120 2989">
     <span class='ocr_line' id='line_1_26' title="bbox 174 2900 1120 2989; baseline -0.005 -22"><span class='ocrx_word' id='word_1_165' title='bbox 174 2941 196 2989; x_wconf 81' lang='lat' dir='ltr'><em>A</em></span> <span class='ocrx_word' id='word_1_166' title='bbox 319 2935 346 2986; x_wconf 74' lang='grc' dir='ltr'>Γ</span> <span class='ocrx_word' id='word_1_167' title='bbox 532 2906 607 2985; x_wconf 88' lang='lat' dir='ltr'>spat</span> <span class='ocrx_word' id='word_1_168' title='bbox 608 2902 640 2966; x_wconf 94' lang='lat' dir='ltr'>io</span> <span class='ocrx_word' id='word_1_169' title='bbox 665 2905 732 2966; x_wconf 86' lang='lat' dir='ltr'>AB</span> <span class='ocrx_word' id='word_1_170' title='bbox 760 2900 894 2984; x_wconf 88' lang='lat' dir='ltr'>aequale</span> <span class='ocrx_word' id='word_1_171' title='bbox 921 2902 1029 2964; x_wconf 87' lang='lat' dir='ltr'>raotaa</span> <span class='ocrx_word' id='word_1_172' title='bbox 1057 2902 1120 2962; x_wconf 83' lang='grc' dir='ltr'>ΕΖ</span> 
     </span>
    </p>

    <p class='ocr_par' dir='ltr' id='par_1_9' title="bbox 532 3005 1121 3199">
     <span class='ocr_line' id='line_1_27' title="bbox 532 3005 1120 3091; baseline -0.005 -19"><span class='ocrx_word' id='word_1_173' title='bbox 532 3007 673 3091; x_wconf 82' lang='lat' dir='ltr'>adplicat</span> <span class='ocrx_word' id='word_1_174' title='bbox 674 3031 712 3072; x_wconf 92' lang='lat' dir='ltr'>ur</span> <span class='ocrx_word' id='word_1_175' title='bbox 731 3010 804 3072; x_wconf 84' lang='grc' dir='ltr'>ΕΗ</span> <span class='ocrx_word' id='word_1_176' title='bbox 821 3005 1029 3071; x_wconf 92' lang='lat' dir='ltr'>latitudinem</span> <span class='ocrx_word' id='word_1_177' title='bbox 1052 3005 1120 3070; x_wconf 88' lang='lat' dir='ltr'>effi·</span> 
     </span>
     <span class='ocr_line' id='line_1_28' title="bbox 533 3113 1121 3199; baseline -0.003 -21"><span class='ocrx_word' id='word_1_178' title='bbox 533 3114 620 3178; x_wconf 84' lang='lat' dir='ltr'>ciens</span> <span class='ocrx_word' id='word_1_179' title='bbox 638 3118 710 3199; x_wconf 81' lang='grc' dir='ltr'>ΕΘ,</span> <span class='ocrx_word' id='word_1_180' title='bbox 734 3113 840 3197; x_wconf 87' lang='lat' dir='ltr'>spatio</span> <span class='ocrx_word' id='word_1_181' title='bbox 861 3119 969 3178; x_wconf 86' lang='lat' dir='ltr'>autam</span> <span class='ocrx_word' id='word_1_182' title='bbox 988 3115 1051 3177; x_wconf 91' lang='grc' dir='ltr'>ΓΔ</span> <span class='ocrx_word' id='word_1_183' title='bbox 1070 3133 1121 3176; x_wconf 89' lang='lat' dir='ltr'>ae-</span> 
     </span>
    </p>

    <p class='ocr_par' dir='ltr' id='par_1_10' title="bbox 324 3217 1199 3409">
     <span class='ocr_line' id='line_1_29' title="bbox 324 3217 1199 3304; baseline -0.007 -15"><span class='ocrx_word' id='word_1_184' title='bbox 324 3241 345 3289; x_wconf 85' lang='grc' dir='ltr'><em>Β</em></span> <span class='ocrx_word' id='word_1_185' title='bbox 383 3242 408 3288; x_wconf 86' lang='lat' dir='ltr'><em>A</em></span> <span class='ocrx_word' id='word_1_186' title='bbox 533 3221 628 3304; x_wconf 90' lang='lat' dir='ltr'>quale</span> <span class='ocrx_word' id='word_1_187' title='bbox 656 3224 712 3284; x_wconf 78' lang='grc' dir='ltr'>ΘΙ</span> <span class='ocrx_word' id='word_1_188' title='bbox 737 3218 944 3283; x_wconf 89' lang='lat' dir='ltr'>latitudinem</span> <span class='ocrx_word' id='word_1_189' title='bbox 975 3217 1120 3282; x_wconf 84' lang='lat' dir='ltr'>efficiens</span> <span class='ocrx_word' id='word_1_190' title='bbox 1195 3264 1199 3283; x_wconf 86' lang='lat'><em>.</em></span> 
     </span>
     <span class='ocr_line' id='line_1_30' title="bbox 464 3325 1121 3409; baseline -0.009 -16"><span class='ocrx_word' id='word_1_191' title='bbox 464 3344 485 3394; x_wconf 85' lang='grc' dir='ltr'>Ζ</span> <span class='ocrx_word' id='word_1_192' title='bbox 533 3330 609 3393; x_wconf 81' lang='grc' dir='ltr'>ΘΚ.</span> <span class='ocrx_word' id='word_1_193' title='bbox 646 3329 678 3390; x_wconf 86' lang='lat' dir='ltr'>et</span> <span class='ocrx_word' id='word_1_194' title='bbox 692 3325 845 3409; x_wconf 88' lang='lat' dir='ltr'>quoniam</span> <span class='ocrx_word' id='word_1_195' title='bbox 860 3326 1033 3408; x_wconf 88' lang='lat' dir='ltr'>utrumque</span> <span class='ocrx_word' id='word_1_196' title='bbox 1045 3329 1078 3388; x_wconf 87' lang='lat' dir='ltr'><em>A</em></span> <span class='ocrx_word' id='word_1_197' title='bbox 1083 3328 1121 3408; x_wconf 85' lang='lat' dir='ltr'>B,</span> 
     </span>
    </p>
   </div>
   <div class='ocr_carea' id='block_1_3' title="bbox 457 3375 1141 3519">
    <p class='ocr_par' dir='ltr' id='par_1_11' title="bbox 457 3375 1141 3519">
     <span class='ocr_line' id='line_1_31' title="bbox 457 3375 1141 3519; baseline -0.02 -17"><span class='ocrx_word' id='word_1_198' title='bbox 457 3375 460 3481; x_wconf 82' lang='lat' dir='ltr'>l</span> <span class='ocrx_word' id='word_1_199' title='bbox 462 3460 493 3511; x_wconf 83' lang='lat' dir='ltr'><em>H</em></span> <span class='ocrx_word' id='word_1_200' title='bbox 534 3436 596 3499; x_wconf 86' lang='grc' dir='ltr'>ΓΛ</span> <span class='ocrx_word' id='word_1_201' title='bbox 609 3432 1141 3519; x_wconf 56' lang='lat' dir='ltr'>mediumest‚etiamumumuua</span> 
     </span>
    </p>
   </div>
   <div class='ocr_carea' id='block_1_4' title="bbox 454 3490 1177 3633">
    <p class='ocr_par' dir='ltr' id='par_1_12' title="bbox 454 3490 1177 3633">
     <span class='ocr_line' id='line_1_32' title="bbox 454 3490 1177 3633; baseline -0.035 -18"><span class='ocrx_word' id='word_1_202' title='bbox 454 3490 472 3594; x_wconf 67' lang='lat' dir='ltr'>l</span> <span class='ocrx_word' id='word_1_203' title='bbox 533 3549 618 3633; x_wconf 87' lang='grc' dir='ltr'>ΕΗ,</span> <span class='ocrx_word' id='word_1_204' title='bbox 637 3548 694 3614; x_wconf 82' lang='grc' dir='ltr'>ΘΙ</span> <span class='ocrx_word' id='word_1_205' title='bbox 719 3544 878 3613; x_wconf 75' lang='lat' dir='ltr'>medium</span> <span class='ocrx_word' id='word_1_206' title='bbox 896 3542 963 3607; x_wconf 68' lang='lat' dir='ltr'>est.</span> <span class='ocrx_word' id='word_1_207' title='bbox 998 3537 1040 3598; x_wconf 66' lang='lat' dir='ltr'>et</span> <span class='ocrx_word' id='word_1_208' title='bbox 1052 3531 1177 3594; x_wconf 55' lang='lat' dir='ltr'>naam</span> 
     </span>
    </p>
   </div>
   <div class='ocr_carea' id='block_1_5' title="bbox 0 0 1219 3832">
    <p class='ocr_par' dir='ltr' id='par_1_13' title="bbox 0 0 1219 3832">
     <span class='ocr_line' id='line_1_33' title="bbox 0 0 1219 3832; baseline 0 0"><span class='ocrx_word' id='word_1_209' title='bbox 0 0 1219 3832; x_wconf 95' lang='lat' dir='ltr'> </span> 
     </span>
    </p>
   </div>
  </div>
 </body>
</html>
