2414 3832
75 186 141 253 302
462 189 663 243 Συουτυιεια
682 207 710 245 ι.
755 269 758 274 Ι
784 189 791 201 ’

74 329 284 420 τετραγώνῳ,
302 330 357 397 καὶ
373 334 456 399 ἔστω
466 329 508 409 Ιτὸ
522 327 589 399 ὑπὸ
604 335 672 399 τάν
686 339 719 399 Α
725 337 765 417 Ζ,
779 335 860 399 ΖΗ·
883 327 1105 419 άσάμμετρος

75 437 142 522 άρα
170 436 260 504 ἐστὶν
289 434 309 524 ή
334 445 398 504 ΑΖ
425 448 464 526 τῇ
490 444 562 504 ΖΗ
584 436 689 524 μήκει.
736 433 781 517 ὥς
809 435 847 505 δὲ
869 433 891 523 ή
916 443 985 504 AZ
1012 437 1103 527 πρὸς

74 539 136 629 τήν
156 551 233 630 ΖΗ,
258 542 365 624 οὕτως
388 543 456 611 ἐστὶ
479 542 517 610 τὸ
537 550 598 611 ΑΙ
618 545 700 631 πρὸς
718 542 755 611 τὸ
775 549 853 610 ΖΚ·
875 541 1100 634 ἀσύμμετρον

75 646 141 735 άρα
166 650 234 718 ἐστὶ
257 649 295 719 τὸ
319 659 379 718 ΑΙ
398 661 444 742 τῷ
468 656 542 716 ΖΚ.
578 651 633 718 καὶ
659 650 728 719 ἐπεὶ
751 653 789 718 αί
804 656 886 732 ΑΗ,
905 654 978 716 ΑΓ
997 652 1100 738 ῥηταί

41 761 141 829 εείσι
174 757 317 845 δυνάμει
344 756 453 844 μόνον
486 756 684 844 σύμμετροι,
716 757 820 844 μέσον
853 755 921 824 ἐστὶ
950 753 1100 827 τδ-ΑΚ.

74 862 193 951 πάλιν,
228 865 297 932 ἐπεὶ
322 866 358 931 αί
379 870 459 948 ΑΓ,
484 870 562 930 ΔΗ
585 864 686 950 ῥηταί
710 867 774 931 είσι
802 863 857 930 καὶ
885 859 1098 951 άσάμμετροι

75 969 182 1057 μήκει,
206 974 309 1058 μέσον
334 970 402 1038 ἐστὶ
425 969 481 1037 καὶ
504 968 542 1036 τὸ
566 976 645 1037 ΔΚ.
683 971 753 1038 ἐπεὶ
777 961 841 1038 οὖν
864 971 901 1036 αί
917 975 1001 1055 ΑΗ,
1021 976 1099 1037 ΗΔ

75 1076 216 1163 δυνάμει
235 1076 342 1162 μόνον
367 1074 554 1162 σύμμετροί
569 1079 666 1162 είσιν,
690 1074 899 1164 ἀσύμμετρος
917 1072 986 1162 άρα
1001 1076 1097 1147 ἐστὶν

75 1179 198 1267 ήΑΗ
219 1186 259 1268 τή
289 1186 362 1247 ΗΛ
389 1181 496 1268 μήκει.
542 1179 586 1260 ὡς
611 1181 647 1250 δὲ
671 1180 691 1269 ή
716 1188 792 1250 ΑΗ
814 1183 897 1267 πρὸς
918 1179 984 1268 τήν
1007 1189 1096 1270 ΗΔ,

22 1311 55 1360 10
75 1284 181 1366 οὕτως
214 1287 282 1354 ἐστὶ
314 1289 352 1355 τὸ
380 1294 455 1355 ΑΚ
481 1285 564 1374 πρὸς
591 1286 629 1355 τὸ
659 1293 742 1354 ΚΛ·
784 1285 998 1374 άσάμμετρον
1026 1288 1096 1377 άρα

75 1392 144 1460 ἐστὶ
174 1386 211 1461 τὸ
240 1400 311 1460 ΑΚ
340 1397 387 1487 τῷ
417 1401 496 1462 ΚΔ.
552 1392 743 1461 συνεστάτω
773 1385 838 1461 οὖν
865 1397 910 1485 τῷ
943 1393 1007 1480 μὲν
1035 1403 1098 1464 ΑΙ

75 1506 151 1568 ίσον
174 1500 385 1588 τετράγωνον
407 1498 445 1569 τὸ
469 1507 554 1586 ΛΜ,
577 1504 623 1589 τῷ
648 1499 685 1568 δὲ
709 1507 777 1567 ΖΚ
799 1508 875 1567 ίσον
898 1497 1094 1589 ἀφῃρήσθω

74 1607 149 1694 περὶ
173 1606 235 1694 τήν
260 1606 366 1694 αὐτήν
389 1613 518 1694 γωνίαν
541 1604 577 1674 τὸ
598 1609 677 1683 ΝΞ·
707 1606 782 1693 περὶ
805 1605 869 1693 τήν
893 1603 1002 1694 αὐτήν
1027 1607 1095 1697 άρα

76 1713 257 1802 διάμετρόν
281 1715 412 1781 ἐστιτὰ
438 1720 525 1798 ΛΜ,
544 1715 615 1788 ΝΞ
633 1712 833 1799 τετράγωνα.
871 1716 953 1780 ἔστω
977 1712 1095 1784 αὐτῶν

22 1843 55 1892 15
75 1817 286 1908 διάμετροςή
304 1826 376 1906 ΟΡ,
399 1820 455 1887 καί
473 1817 740 1907 καταγεγράφθω
758 1817 797 1886 τὸ
817 1828 936 1905 σχῆμα.
966 1818 1098 1908 ὁμοίως

75 1924 116 2012 δή
139 1940 210 2006 τοῖς
233 1925 344 1993 ἐπάνω
374 1927 541 2012 δείξομεν,
572 1923 623 1992 ὅτι
646 1924 667 2012 ή
691 1932 767 1992 ΛΝ
791 1923 932 1993 δύναται
960 1924 999 1994 τὸ
1026 1935 1094 1997 ΑΒ
1136 1948 1140 1955 ’

73 2036 207 2118 χωρίον.

141 2138 253 2223 Λέγω,
283 2134 334 2204 ὅτι
361 2134 382 2224 ή
407 2144 483 2204 ΛΝ
503 2134 550 2225 [ή]
575 2137 655 2224 μετά
679 2138 783 2226 με’σου
806 2140 910 2225 μέσον
937 2140 976 2207 τδ
1006 2137 1093 2209 ὅλον

73 2243 219 2311 ποιοῦσά
244 2247 344 2312 ἐστιν.

20 2373 55 2422 20
137 2345 226 2417 Ἐπεὶ
256 2349 320 2437 γὰρ
349 2353 452 2437 μέσον
480 2352 616 2438 ἐδείχθη
645 2349 682 2418 τὸ
711 2357 781 2418 ΑΚ
810 2355 869 2416 καί
894 2351 985 2419 ἐστιν
1013 2360 1095 2423 ἴσον

73 2469 143 2537 τοῖς
166 2454 228 2525 άτιῑ
255 2461 324 2525 τοῖν
348 2463 429 2542 ΛΟ,
455 2463 537 2542 ΟΝ,
566 2455 603 2524 τὸ
630 2455 695 2543 άρα
718 2463 938 2543 συγκείμενον
961 2460 998 2526 ἐκ
1020 2470 1093 2529 τῶν

74 2560 139 2629 άπὸ
166 2567 235 2631 τῶν
263 2570 345 2649 ΛΟ,
371 2569 443 2631 ON
466 2564 570 2650 μέσον
601 2564 699 2631 ἐστίν.
744 2563 863 2650 πάλιν,
891 2564 961 2631 ἐπεὶ
985 2565 1094 2651 μέσον

74 2671 210 2756 ἐδείχθη
233 2669 271 2738 τὸ
297 2676 370 2737 ΔΚ
397 2674 457 2736 καί
475 2670 565 2736 ἐστιν
590 2676 665 2737 ίσον
687 2673 734 2757 τῷ
759 2670 811 2749 δὶς
833 2665 899 2737 ὑπὸ
922 2673 992 2738 τῶν
1011 2679 1092 2760 AO,

76 2783 153 2863 ΟΝ,
177 2777 233 2844 καὶ
256 2774 294 2844 τὸ
315 2775 368 2855 δίς
390 2773 457 2843 ὑπὸ
480 2779 548 2843 τάν
572 2782 649 2862 ΛΟ,
674 2782 745 2844 ΟΝ
764 2776 867 2863 μέσον
892 2779 992 2845 ἐστίν.
1033 2779 1093 2846 καὶ

20 2904 55 2953 25
75 2884 144 2952 ἐπεὶ
167 2881 380 2970 ἀσύμμετρον
404 2883 539 2969 ἐδείχθη
563 2880 601 2950 τὸ
625 2889 698 2950 ΑΚ
717 2886 763 2974 τῷ
787 2889 870 2967 ΛΚ,
893 2881 1092 2973 άσάμμετρα

75 2987 167 3077 [ἄρα]
192 2990 260 3059 ἐστὶ
284 2989 338 3056 καί
366 2990 407 3065 τά
435 2985 498 3057 άπὸ
527 2995 595 3056 τῶν
618 2994 700 3074 ΛΟ,
726 2995 797 3056 ON
820 2987 1014 3078 τετράγωνα
1043 2996 1092 3084 τῷ

74 3095 126 3175 δίς
150 3094 215 3164 ὑπὸ
239 3100 307 3164 τῶν
330 3102 408 3182 ΛΟ,
430 3101 505 3164 ON.
550 3095 606 3163 καὶ
631 3095 700 3163 ἐπεὶ
724 3093 937 3182 άσάμμετράν
961 3096 1030 3163 ἐστι
1049 3096 1091 3167 τδ

146 3334 170 3383 1.
189 3323 368 3399 άσάμμετρον
386 3326 416 3397 Ρ,
436 3343 506 3384 corr.
526 3345 562 3381 m.
584 3333 607 3382 1.
671 3332 695 3382 2.
717 3327 787 3398 ZH]
808 3329 863 3381 ΗΖ
881 3325 911 3381 F.
979 3327 1090 3400 Ml]

73 3392 246 3455 άτιδΛΙῈ.
315 3405 340 3454 4.
361 3394 437 3454 ἐστίν
454 3398 486 3452 Ρ.
545 3399 605 3470 ΑΙ]
626 3415 695 3454 corr.
714 3414 748 3453 ex
766 3401 822 3452 ΑΓ
836 3415 874 3454 m.
892 3412 946 3452 ree.
965 3395 994 3451 P.
1063 3405 1091 3454 5.

72 3467 143 3538 ΑΚ]
168 3485 237 3524 οοω.
257 3485 290 3523 ex
315 3473 375 3523 ΔΚ
395 3486 431 3522 m.
451 3484 506 3523 reo.
525 3467 556 3521 P.
635 3475 659 3524 6.
682 3464 819 3522 αάλιν-
842 3475 864 3524 7.
885 3466 958 3540 ΔΚ]
982 3483 1038 3526 om.
1056 3467 1090 3525 P.

96 3542 140 3596 10,
159 3539 242 3613 [Δ]
257 3544 321 3596 AK
334 3539 365 3598 V.
425 3543 468 3596 11.
488 3537 815 3610 KA]00t1.oxAN.
868 3533 1090 3604 &Mtvw'mstm
