2414 3832
137 141 202 206 382
247 206 249 210 ,
551 145 739 195 APPENDJX.

137 283 336 370 σύμμετρος,
369 282 491 370 άλογος
522 283 559 350 δὲ
587 281 607 370 ή
638 291 673 351 Ε.
725 279 867 369 ἀλόγους
902 281 967 370 γάρ
997 282 1153 352 καθόλου

136 397 232 457 ιιιιλεῖ
247 388 304 470 τάς
321 392 375 458 καὶ
396 389 491 477 μήκει
510 389 565 456 καὶ
586 389 727 476 δυνάμει
746 387 974 478 ἀσυμμέτρους
996 393 1038 478 τή
1058 392 1151 479 ῥητή.

517 570 690 761 Πυλςοὸλζ,
716 677 765 740 13.

204 803 270 877 Εἰς,
285 799 323 866 τδ
348 797 393 885 ιγ’
418 806 529 885 λῆμμα
553 800 588 865 ἐκ
610 801 668 884 τής
691 803 738 878 εἰς
761 796 888 864 άτοιτον
912 795 1101 884 ἀπαγωγῆς.

200 901 279 972 Ἐάν
305 896 326 994 ή
356 904 418 973 δύο
446 905 588 991 μεγέθη,
621 901 736 971 καὶτὸ
759 903 820 990 μὲν
844 902 1033 990 σύμμετρον
1057 895 1079 992 ή
1103 909 1149 996 τῷ

101 1006 241 1100 ταύτῷ,
264 1010 303 1079 τὸ
327 1011 364 1078 δὲ
388 1012 501 1105 ἕτερον
525 1009 751 1098 ἀσύμμετρον,
775 1007 971 1098 άσάμμετριι
995 1015 1086 1077 ἔσται
1110 1009 1150 1077 τά

135 1119 269 1204 μεγέθη.

192 1220 300 1289 Ἔστω
328 1220 392 1309 γάρ
424 1220 486 1289 δυό
510 1222 635 1309 μεγέθη
664 1220 703 1289 τά
731 1234 778 1309 Α,
803 1231 846 1309 Β,
874 1220 957 1290 ἄλλο
986 1222 1024 1290 δὲ
1050 1221 1091 1290 τὸ
1116 1227 1151 1306 Γ,

135 1328 250 1396 καὶτὸ
274 1329 335 1415 μὲν
358 1337 391 1396 A
413 1333 457 1421 τῷ
481 1334 514 1396 Γ
532 1328 723 1416 σύμμετρον
746 1334 844 1414 ἔστω,
875 1328 912 1396 τὸ
938 1329 974 1396 δὲ
998 1336 1026 1395 Β
1050 1334 1097 1421 τῷ
1125 1336 1153 1397 Γ

135 1432 356 1524 ἀσύμμετρον.
403 1437 502 1523 λέγω,
532 1434 582 1503 ὅτι
605 1437 660 1504 καὶ
687 1435 725 1504 τὸ
751 1444 782 1503 Α
809 1440 853 1529 τῷ
877 1444 906 1503 Β
934 1433 1149 1524 ἀσύμμετρόν

84 1569 116 1617 10
136 1543 234 1610 ἐστιν.

202 1654 246 1716 Εἰ
268 1646 332 1736 γάρ
357 1652 425 1717 ἐστι
448 1649 637 1737 σύμμετρον
665 1649 703 1716 τὸ
728 1658 760 1715 A
787 1653 832 1739 τῷ
858 1657 901 1733 Β,
930 1653 999 1716 ἔστι
1029 1648 1068 1716 δὲ
1096 1649 1152 1716 καὶ

134 1755 171 1824 τὸ
200 1761 233 1823 Γ
259 1760 304 1847 τῷ
329 1762 375 1840 A,
407 1756 464 1823 καὶ
491 1755 528 1824 τὸ
555 1761 585 1822 Γ
612 1753 676 1843 ἅμα
704 1759 749 1846 τῷ
775 1763 802 1823 Β
826 1754 1017 1842 σύμμετρόν
1042 1757 1149 1850 έστιν·

136 1859 215 1950 ὅπερ
240 1860 303 1949 οὐχ
328 1860 508 1931 ὑπόκειται.

628 2005 648 2070 6

448 2112 499 2176 Ad
522 2111 594 2175 libr.
617 2109 648 2175 X
670 2134 761 2196 prop.
788 2114 836 2178 18.

78 2324 80 2329 Ι
195 2232 312 2319 Ῥητδις
330 2233 394 2321 γὰρ
413 2241 509 2301 καλεῖ
525 2233 583 2313 τὰς
605 2237 645 2322 τή
665 2235 833 2322 έκκειμένη
852 2236 935 2322 ῥητή
957 2232 1031 2320 ήτοι
1051 2226 1149 2323 μήνιει

83 2365 114 2413 15
134 2341 189 2408 καὶ
218 2339 361 2426 δυνάμει
388 2341 595 2427 συμμέτρους
624 2337 728 2425 ή“κυλ
757 2341 897 2427 δυνάμει
921 2337 1037 2426 μόνον.
1086 2341 1151 2409 εἰσὶ

135 2449 171 2516 δὲ
194 2449 249 2515 καὶ
268 2447 365 2520 άλλιιι
385 2446 528 2533 εὐθεῖαι,
552 2454 590 2514 αἳ
606 2448 700 2534 μήκει
721 2448 781 2534 μὲν
800 2446 1008 2535 ἀσύμμετροί
1024 2450 1091 2514 εἰσι
1109 2450 1150 2535 τῇ

134 2556 304 2643 έκκειμένη
329 2557 423 2643 ῥητή,
447 2553 586 2640 δυνάμει
609 2554 645 2621 δὲ
669 2554 777 2640 μόνον
796 2553 990 2641 σύμμετροι,
1012 2554 1070 2620 καὶ
1090 2556 1147 2620 διὰ

133 2665 232 2729 τοῦτο
260 2661 361 2730 πάλιν
389 2662 543 2748 λέγονται
571 2661 667 2747 ῥηταὶ
695 2661 750 2727 καὶ
779 2659 960 2747 σύμμετροι
983 2661 1071 2744 ’γυρὸς
1094 2659 1150 2727 άλ-

133 2766 250 2854 λήλας,
278 2765 358 2835 καθ’
386 2765 403 2835 ὃ
432 2769 543 2854 ῥηταί,
577 2763 660 2834 ἀλλὰ
688 2765 869 2854 σύμμετροι
897 2769 979 2851 πρὸς
1003 2764 1149 2853 ἀλλήλας

205 2935 229 2984 5.
253 2928 322 2985 Post
344 2929 437 2995 δεῖξαι
482 2925 728 2995 ‚38‚6BFVb,
751 2943 807 2995 mg.
827 2926 949 2982 m.2P.
1032 2932 1056 2981 6.
1082 2929 1150 2983 Post

134 2998 288 3070 σύμμετρος
306 3019 335 3070 p.
355 3005 434 3070 58,3
481 2999 594 3054 BFVb.

206 3149 229 3198 1.
245 3138 412 3213 σύμμετρος]
428 3158 482 3196 om.
493 3139 528 3210 V,
543 3158 578 3194 m.
590 3155 644 3194 rec.
656 3138 686 3193 P.
739 3135 853 3263 δέήγάρ
867 3138 897 3192 F.
953 3144 978 3192 2.
993 3137 1062 3194 Post
1076 3136 1145 3210 ῥητή

134 3231 202 3269 eras.
218 3208 307 3276 οὕτως
325 3213 354 3267 Ρ.
429 3218 453 3268 3,
473 3209 513 3274 εἰς
527 3207 559 3265 τδ
575 3208 614 3280 ιγ’
648 3210 769 3265 om.FV
796 3253 801 3262 .
876 3204 1145 3281 ελςκάπυγωγῆς]

132 3301 188 3354 mg.
208 3284 237 3352 F,
259 3280 299 3353 ιγ’
317 3283 348 3338 in
366 3301 420 3338 ras.
440 3284 472 3350 B,
490 3300 547 3352 mg.
568 3276 599 3336 έν
618 3285 691 3354 αλλῳ
710 3282 816 3351 λήμμα;
835 3281 865 3334 in
885 3281 905 3333 F
924 3297 1056 3335 numerus
1077 3298 1145 3336 eras.

164 3361 188 3409 4.
210 3353 265 3410 δύο
282 3352 393 3425 μεγέθη
412 3346 429 3426 ἦ
449 3353 479 3408 F.
558 3353 595 3422 τῷ
615 3347 691 3426 αάιῷ
723 3354 824 3422 postea
843 3351 905 3406 add.
925 3352 946 3405 F
964 3369 1001 3405 m.
1024 3357 1046 3407 1.
1121 3357 1145 3406 θ.

116 3420 152 3477 δ’
168 3425 261 3482 BFb.
340 3434 364 3486 8.
389 3428 429 3501 Γ]
450 3423 551 3498 (prius)
571 3418 669 3495 γάμμα
711 3465 717 3480 .
786 3428 830 3476 U.
847 3419 1024 3491 ἀσύμμετρον
1044 3423 1080 3488 F,
1099 3421 1146 3477 sed

105 3490 141 3548 υἰ-
163 3515 240 3554 eras.
329 3507 372 3558 12.
402 3501 443 3574 Γ]
466 3499 573 3571 (prius)
592 3513 666 3552 υυῑτ.
684 3511 720 3549 ει
739 3492 813 3546 Η.
887 3491 1146 3557 Ammxvv.
