2414 3832
112 158 115 164 ·
138 142 203 206 384
551 143 739 195 ΑΡΡιιιιουε.
773 191 776 196 ,

137 283 211 370 ήτοι
235 282 331 370 μήκει
355 283 483 370 δηλαδή
505 284 562 351 καλ
582 282 723 370 δυνάμει
742 279 762 369 ή
783 283 926 369 δυνάμει
944 281 1062 368 μόνον.
1097 282 1153 349 κοιλ

88 445 92 451 .
139 395 169 457 εἰ
196 389 257 477 μὲν
286 389 397 478 μήκει,
431 390 585 477 λέγονται
613 391 668 457 καλ
696 387 795 458 αὐταὶ
824 388 920 476 ῥηταὶ
947 387 1043 475 μήκει
1074 388 1153 476 σύμ·

138 522 252 584 μετροι
277 497 537 583 έπακουομένου,
562 495 613 563 ὅτι
635 496 691 563 κοιλ
715 495 870 580 δυνάμει·
900 499 932 562 εἰ
954 495 991 562 δὲ
1010 494 1152 582 δυνάμει

140 600 246 689 μόνον
283 602 366 691 πρὸς
402 598 547 689 ἀλλήλας
579 603 643 670 ελσλ
677 600 875 689 σύμμετροι,
912 588 1066 687 λέγονται
1099 603 1154 669 κοιλ

104 706 236 779 ονύτιιλ
261 709 368 788 οὕτως
391 709 487 796 ῥηταὶ
512 707 654 795 δυνάμει
676 707 784 795 μόνον
808 707 997 795 σύμμετροι.
1041 704 1092 775 ὅτι
1118 707 1154 775 δὲ

139 819 176 882 αλ
202 816 299 903 ῥήταλ
328 814 512 902 σύμμετροί
533 819 635 900 εἰσιν,
664 818 823 884 ἐντεῦθεν
847 819 964 901 δῆλον·
993 814 1064 881 ἐπεὶ
1088 813 1152 902 γὰρ

138 923 239 1007 ῥηταί
259 926 345 990 εἰσιν
368 925 406 988 αἱ
421 925 461 1010 τή
486 922 654 1009 ἐκκειμένῃ
674 923 756 1010 ῥητή
776 921 968 1009 σύμμετροι,
990 917 1031 988 ιδι
1051 921 1088 988 δὲ
1107 925 1151 1011 τῷ

138 1025 227 1119 αὐτῷ
253 1027 422 1115 σύμμετροι
444 1027 500 1094 κοιλ
528 1023 685 1112 ἀλλήλοις
712 1028 780 1094 ἐστὶ
804 1025 990 1114 σύμμετρα,
1024 1029 1061 1093 αλ
1088 1025 1153 1113 ἄρα

140 1132 236 1221 ῥηταὶ
260 1132 444 1219 σύμμετροί
464 1137 558 1201 εἰσιν.

448 1385 499 1448 Ad
524 1384 596 1449 libr.
619 1280 660 1447 X7
673 1406 765 1467 prop.
789 1385 840 1448 20.

86 1508 118 1557 10
571 1491 719 1574 Λήμμοι.

198 1609 245 1677 Ἢ
265 1613 434 1698 δυναμένη
459 1610 584 1698 ἄλογον
607 1617 732 1699 χωρίον
755 1609 878 1696 ἄλογός
900 1611 1000 1678 ἐστιν.

206 1720 378 1786 Δυνάσθω
407 1718 472 1805 γὰρ
500 1717 520 1805 ἡ
551 1728 581 1787 A
614 1717 739 1805 άλονον
768 1723 908 1804 χωρίον,
935 1717 1087 1785 τουτέστι
1115 1719 1152 1784 τὸ

137 1822 204 1892 άιιδ
222 1828 281 1911 τής
300 1834 331 1891 A
348 1827 559 1910 τετράγωνον
580 1835 655 1892 ἴσον
675 1831 756 1892 ἔστω
777 1823 887 1915 ἀλόγῳ
907 1828 1026 1913 χωρίῳ.
1055 1826 1153 1909 λέγω,

138 1928 188 1997 ὅτι
212 1928 232 2017 ή
258 1939 288 1998 A
311 1930 433 2016 ἄλογός
456 1933 555 1998 ἐστιν.

85 2058 117 2106 15
204 2042 249 2104 Εἰ
269 2038 333 2123 γὰρ
358 2041 449 2104 ἔσται
473 2039 555 2125 ῥητή
584 2036 604 2123 ή
630 2047 675 2121 Α,
709 2036 811 2124 ῥητὸν
840 2044 930 2104 ἔσται
952 2036 1008 2102 κοιλ
1032 2034 1070 2102 τὸ
1096 2035 1150 2102 ἀπ’

137 2140 240 2228 αὐτῆς
267 2141 491 2228 τετράγωνον·
530 2141 637 2224 οὕτως
664 2143 728 2230 γάρ
754 2148 871 2227 [ἐστιν]
897 2145 933 2209 έν
956 2155 1026 2220 τοῖς
1051 2140 1151 2229 ὅροις.

137 2246 198 2316 οὐκ
218 2253 286 2316 ἔστι
307 2250 356 2316 δέ·
381 2247 503 2334 άλογος
526 2248 590 2338 άριι
615 2252 705 2318 ἐστὶν
727 2277 748 2334 ή
773 2259 817 2316 A·
849 2247 929 2333 ὅπερ
949 2251 1016 2314 ἔδει
1037 2250 1151 2328 δεῖξαι.

333 2537 385 2601 Ad
409 2537 481 2601 libr.
504 2534 534 2600 X
557 2432 714 2620 pm&
739 2537 952 2623 corollariqm.

204 2654 281 2721 Εέσλ
311 2654 348 2722 δὲ
375 2657 478 2723 πάλιν
504 2655 559 2722 καὶ
587 2653 686 2723 άλλοιι
714 2653 861 2739 εὐθεῖαι,
895 2660 932 2723 αἳ
957 2658 1053 2742 μήκει
1088 2657 1147 2744 μὲν

136 2767 422 2864 -ῙλῖΡςο-ελ-ἕξής
449 2814 475 2865 p.
496 2802 542 2859 60,
570 2802 601 2851 13
625 2796 765 2851 PBFVb.
857 2802 881 2853 Β,
906 2797 975 2852 Post
993 2796 1148 2867 σύμμετροι

134 2887 162 2938 p.
183 2872 225 2935 68,
245 2873 278 2922 22
298 2866 359 2935 PV,
378 2885 434 2938 mg.
453 2886 482 2920 m
500 2873 516 2922 2
535 2867 566 2922 B.

209 2999 232 3046 1.
252 2994 304 3046 καί
337 2991 408 3062 (alt.)
428 3009 481 3046 om.
501 2991 527 3046 b.
601 2997 625 3046 2.
646 2988 744 3063 ῥηταί]
765 3008 818 3045 om.
841 2991 871 3047 V.
944 2998 969 3048 3.
990 2991 1032 3064 εἰ]
1053 3007 1108 3048 om.
1124 2993 1150 3048 b.

173 3070 197 3118 5.
217 3057 305 3126 οὕτως
338 3079 392 3117 om.
412 3064 524 3117 BFVb.
606 3064 674 3117 Post
692 3059 845 3133 σύμμετροι
864 3063 918 3118 δελ.
938 3061 1009 3117 εἰσιν
1028 3082 1065 3119 m.
1087 3069 1102 3116 1
1121 3064 1149 3118 P.

172 3129 216 3188 ὅτι
236 3167 268 3174 -
290 3140 312 3188 6.
335 3132 417 3205 εἰσιν]
437 3151 493 3202 mg.
512 3151 549 3188 m.
571 3140 583 3187 1
604 3136 634 3189 P.
708 3141 733 3189 6.
754 3132 905 3206 ἐντεῦθεν]
926 3129 970 3189 ἔν·
989 3134 1019 3188 in
1037 3151 1093 3190 ran.
1114 3153 1149 3190 m.

137 3205 200 3259 lP.
274 3206 359 3287 δήλον
379 3201 518 3260 ἐντεῦθεν
537 3204 564 3259 λ’.
640 3200 706 3260 ἐκεί
740 3200 783 3259 ὅτι
801 3202 833 3274 b,
858 3224 912 3275 mg.
934 3224 969 3261 m.
990 3212 1003 3259 1
1025 3226 1065 3275 γρ,
1088 3201 1151 3260 ἐπεὶ

136 3273 190 3344 γὰρ
209 3271 257 3330 διὰ
281 3295 314 3328 το
338 3272 378 3348 βι’
398 3277 448 3331 τοῦ
470 3272 500 3331 ι’.
574 3283 598 3331 9.
630 3275 700 3330 εἰσιν
747 3274 800 3330 εἰσι
824 3277 856 3346 b,
882 3276 964 3332 εἰσιν
993 3270 1065 3346 ὅπερ
1091 3275 1149 3331 ἔδει

132 3346 282 3414 δεῖξιιιλῖ.
359 3353 399 3402 11,
416 3343 466 3419 Ἡ]
486 3364 540 3401 om.
560 3348 594 3414 V,
614 3348 677 3403 add.
693 3367 767 3402 num.
810 3345 825 3402 '.
900 3344 958 3402 ἐστι
978 3347 1038 3415 BV,
1059 3365 1149 3417 comp.

117 3415 177 3472 Fb.
258 3424 298 3474 13.
320 3419 385 3477 ἴσον
405 3416 490 3495 ἔστω]
511 3424 757 3491 summumst&
805 3435 885 3485 gom.
905 3418 987 3475 BFb.
1056 3414 1149 3488 ἀλέγω

101 3489 224 3564 καινήν]
245 3509 318 3553 corr.
333 3490 496 3568 διάλογον
514 3491 586 3551 ἔστω
598 3493 637 3562 V,
653 3486 756 3562 ἄλογον
771 3487 993 3555 ἓοτιολλυήλοτυ
1006 3474 1147 3556 ἱλοήονδ.
