2414 3832
378 183 652 235 ELEMENTORUM
669 183 779 234 LIBER
796 185 829 234 X.
1043 180 1106 245 351

99 324 205 390 cunda
229 327 332 409 [prop.
354 323 485 407 XCIII}
531 346 608 410 ergo
631 329 722 390 recta
743 325 849 408 spatio
872 328 951 408 ΛΘ,
972 325 1035 391 hoc
1050 312 1110 391 'est

97 434 171 514 ΕΓ,
195 432 339 516 aequalis
363 430 522 516 quadrata
543 432 667 496 mediae
691 435 841 515 apotome
865 433 915 494 eat
938 431 1086 496 secunda.

167 537 218 601 sin
241 535 316 603 20²
338 537 464 602 excedit
487 535 571 603 ΖΙ(2
593 538 750 623 quadrato
774 540 882 602 rectae
906 536 970 601 sibi
991 536 1109 602 incom-

97 644 339 727 mensurabilis,
361 648 394 709 et
412 648 530 710 neutra
551 649 712 710 recturum
731 648 804 727 ΘΖ,
824 647 890 708 ΖΚ
911 644 1018 707 rectae
1040 643 1114 707 ΖΗ

97 749 400 816 commensurabilis
415 755 466 816 est
478 751 692 836 longitudine,
710 754 776 815 ΚΘ
791 756 881 814 sexta
894 752 945 812 est
958 751 1109 832 apotome

101 857 186 938 [deff.
205 860 280 921 tert
299 857 344 937 6].
389 860 479 922 recta
502 860 610 921 autem
635 856 742 941 spatio
766 855 998 940 comprehenso
1020 859 1110 920 recta

96 963 252 1029 rationali
284 966 317 1027 et
349 967 502 1047 apotome
530 966 623 1028 sexta
656 962 800 1048 aequalis
829 960 989 1046 quadrata
1020 963 1110 1025 recta

98 1071 149 1133 est
172 1091 245 1134 cum
267 1069 373 1135 medio
396 1072 502 1135 totum
525 1068 666 1134 medium
691 1067 836 1134 efficiens
860 1064 963 1154 [prop.
980 1063 1110 1147 XCVI}

97 1194 175 1258 ergo
198 1178 287 1240 recta
309 1176 417 1260 spatio
435 1177 511 1257 Ao,
534 1174 596 1239 hoc
619 1176 669 1238 est
691 1177 763 1256 ΕΓ,
785 1172 929 1256 aequalis
952 1172 1110 1256 quadrata

97 1283 186 1344 recta
200 1283 251 1344 est
264 1301 336 1344 cum
349 1280 457 1345 medio
470 1283 577 1345 totum
595 1279 738 1344 medium
757 1278 910 1364 efficiens3
935 1279 1020 1364 quod
1039 1282 1110 1344 erat

98 1383 396 1449 demonstrandum.

568 1468 651 1537 cxl.

166 1593 330 1677 Apctome
354 1593 465 1658 eadem
487 1599 627 1660 nonest
653 1616 691 1660 ac
719 1599 809 1662 recta
837 1618 876 1662 ex
899 1595 1025 1661 duobus
1053 1618 1109 1661 no·

98 1699 253 1766 minibus.

168 1804 220 1870 Sit
241 1809 307 1870 AB
331 1807 492 1890 apotome.
537 1805 619 1890 dieo,
642 1811 708 1871 AB
733 1809 867 1872 eandem
889 1829 957 1874 non
979 1829 1049 1873 esse
1074 1830 1111 1873 ac

98 1915 222 1977 rectam
245 1932 285 1976 ex
307 1910 433 1976 duobus
455 1912 652 1979 nominibus.

164 2039 252 2101 nam,
276 2016 304 2081 si
327 2016 398 2081 fieri
418 2020 537 2102 potest,
560 2017 611 2082 sit.
649 2021 682 2082 et
700 2024 840 2102 ponatur
858 2019 1027 2085 rationalis
1045 2022 1115 2083 ΔΓ

97 2127 131 2187 et
155 2123 312 2206 quadrato
337 2119 421 2187 ΑΒ2
444 2124 579 2208 aequale
602 2128 709 2189 rectae
734 2127 800 2188 ΓΛ
829 2126 1008 2210 adplicetur
1029 2129 1111 2191 rect·

98 2228 255 2310 angulum
270 2230 335 2291 ΓΕ
350 2227 558 2293 latitudinem
578 2229 721 2294 efficiens
735 2236 768 2293 A
773 2233 812 2296 E.
844 2232 997 2315 quoniam
1010 2232 1111 2316 igitur

96 2387 128 2436 A!
308 2386 465 2436 ——iB
526 2337 591 2398 AB
616 2337 767 2418 apotome
787 2341 846 2422 est,
870 2342 941 2403 ΔΕ
959 2342 1110 2422 apotome

259 2491 290 2541 H
316 2490 341 2542 Ε
527 2442 577 2505 est
600 2440 707 2525 prima
738 2444 847 2527 [prop.
870 2440 1021 2524 XCVII}
1068 2445 1112 2508 sit

105 2547 132 2596 A
271 2546 491 2597 -*·····-¹Z
525 2549 588 2611 ΕΖ
611 2547 641 2612 ei
665 2569 854 2634 congruens.
899 2548 1009 2633 itaque
1033 2552 1110 2634 AZ,

525 2656 591 2718 ΖΕ
628 2654 803 2718 rationales
846 2657 922 2719 sunt
940 2700 943 2715 ,
961 2655 1111 2738 potentia

523 2763 652 2824 tantum
662 2759 979 2844 commensurabiles,
994 2763 1026 2824 et
1035 2759 1111 2825 Az²

525 2865 650 2931 excedit
664 2861 745 2930 ΖΕ2
759 2864 917 2950 quadrato
931 2868 1037 2930 rectae
1048 2866 1112 2931 sibi

523 2970 835 3051 commensurabilis,
846 2975 879 3036 et
890 2977 951 3036 AZ
960 2973 1111 3038 rationali

522 3077 709 3162 propositae
724 3082 758 3140 A
762 3079 794 3140 Γ
806 3077 1012 3162 longitudine
1026 3100 1110 3144 com·

523 3182 751 3247 mensurabilis
779 3185 830 3248 est
857 3182 942 3264 [deff.
965 3185 1039 3249 tert.
1065 3186 1107 3264 1].

98 3287 127 3381 If
522 3310 633 3354 rursus
657 3288 813 3374 quoniam
835 3293 901 3352 AB
927 3309 965 3353 ex
984 3287 1111 3355 duobus

91 3386 279 3458 nominibus
308 3396 372 3478 eet,
406 3399 439 3458 Δ
445 3398 477 3458 Ε
502 3415 542 3457 ex
566 3393 695 3460 duobus
718 3393 914 3460 nominihus
936 3396 996 3456 est
1010 3395 1136 3470 prm

88 3501 197 3582 [prop.
210 3497 292 3580 LX}
328 3498 365 3566 in
387 3503 430 3566 H
446 3500 483 3568 in
507 3501 654 3571 nomina
671 3501 867 3586 titulatur,
886 3502 926 3564 et
948 3495 1027 3558 AB
1044 3487 1171 3550 mam
