2414 3832
372 168 646 221 ELEMENTORUM
663 169 772 220 LIBER
789 169 822 221 X.
1037 166 1102 232 349

91 315 181 376 tome
210 310 349 376 secunda
383 314 439 376 aut
472 313 560 375 recta
593 331 665 374 cum
693 309 800 374 medio
828 313 934 375 totum
962 310 1103 375 medium

93 416 245 482 efficiens.

158 522 336 587 Auferatur
355 523 442 587 enim
460 526 498 586 ut
516 522 551 586 in
565 521 677 606 figuris
691 521 758 585 iam
768 521 949 605 propositis
965 525 1009 605 [p.
1024 523 1103 604 347]

92 651 114 693 a
136 628 242 693 medio
265 632 332 693 ΒΓ
351 628 493 712 spatium
521 626 662 709 medium
685 630 753 690 BA
781 626 843 690 toti
869 626 1107 692 incommensu-

77 734 206 810 rabile.
253 734 338 818 dico,
361 737 484 798 rectam
508 733 615 816 spatio
639 735 706 797 ΕΓ
724 732 893 816 aequalem
917 733 1107 818 quadratam

93 842 284 906 alterutram
318 861 388 905 esse
421 842 582 904 rectarum
614 838 854 903 irrationalium
889 841 946 903 aut
981 838 1107 904 mediae

94 951 269 1031 apotomen
297 945 469 1010 secundam
502 949 559 1009 aut
594 949 718 1024 rectam
755 965 828 1009 eum
860 943 967 1010 medio
999 948 1107 1009 totum

93 1053 237 1118 medium
260 1051 462 1117 efficientem.

161 1181 238 1224 nam
261 1158 416 1244 quoniam
438 1161 611 1241 utrumque
633 1159 706 1240 ΒΓ,
729 1161 798 1220 BA
819 1156 961 1222 medium
985 1159 1048 1240 est,
1076 1160 1108 1221 et

95 1267 175 1344 ΒΓ,
198 1267 265 1327 BA
288 1261 677 1347 incommensurabiliass)
708 1262 860 1327 similiter
883 1262 1108 1328 concludemus

98 1372 144 1451 [p
167 1369 247 1446 342,
274 1370 314 1432 19
340 1371 460 1453 sq.,u]
438 1373 609 1451 utramque
633 1372 708 1452 ΖΘ,
732 1372 800 1432 ΖΚ
821 1369 1015 1433 rationalem
1039 1390 1109 1434 esse

97 1477 130 1536 et
159 1475 266 1536 rectae
290 1476 360 1537 ΖΗ
382 1474 489 1557 longit
475 1473 586 1538 tudine
613 1473 973 1539 incommensurabilem
1002 1478 1110 1559 [prop.

96 1577 217 1659 XXH].
263 1582 296 1643 et
318 1579 472 1670 quoniam
494 1582 567 1662 ΒΓ,
590 1582 673 1661 ΒΔ,
695 1579 757 1644 hoc
781 1582 832 1644 est
853 1581 932 1662 ΗΘ,
956 1581 1073 1662 HK,
1063 1602 1110 1644 ιιι-

97 1684 402 1749 commensurabilia
426 1688 509 1769 sunt,
532 1686 632 1750 etiam
655 1689 729 1768 ΘΖ,
749 1688 816 1748 ΖΚ
837 1685 1110 1750 incommensura-

96 1791 181 1855 biles
205 1795 280 1856 sunt
309 1789 383 1874 ΠΗ,
408 1792 442 1875 13
464 1812 555 1876 prop.
578 1791 649 1872 ΧΙ].
694 1792 803 1875 itaque
827 1795 900 1875 ΖΘ,
923 1794 990 1854 ΖΚ
1009 1792 1108 1857 ratio-

95 1898 187 1962 nales
217 1901 294 1962 sunt
324 1898 474 1982 potentia
501 1901 631 1963 tantum
664 1898 977 1963 commensurabiles.
1019 1916 1108 1983 'ergo
1140 1975 1147 1988 ι
1180 1950 1182 1954 1

96 2007 162 2069 ΚΘ
185 2008 337 2088 apotome
361 2008 412 2070 est
436 2007 541 2089 [prop.
564 2002 728 2083 LXXIII}
778 2049 780 2054 -

164 2110 229 2173 iam
253 2111 282 2174 si
301 2107 376 2174 ZB²
395 2109 520 2175 excedit
538 2113 605 2174 ΖΚ
610 2106 622 2145 ²
641 2107 800 2193 quadrato
819 2112 925 2175 rectae
942 2110 1004 2175 sibi
1022 2131 1109 2175 com-

96 2214 338 2297 mensurabilis,
370 2218 404 2280 et
430 2223 547 2280 neutra
574 2217 737 2279 rectarum
765 2219 842 2298 ΖΘ,
864 2219 932 2279 ΖΚ
957 2216 1110 2281 rationali

366 2372 387 2421 Z
458 2373 486 2422 K
505 2316 542 2422 ’Θ
577 2320 764 2406 propositae
804 2324 878 2385 ΖΗ
908 2322 1109 2407 longitudine
1195 2343 1201 2354 ·

579 2427 881 2492 commensurabilis
892 2431 949 2510 est,
958 2430 1025 2492 ΚΘ
1034 2449 1110 2512 apo-

98 2531 120 2579 r
257 2528 282 2579 Ε
382 2514 419 2594 ,’
578 2535 667 2597 some
691 2533 858 2598 aeterua
878 2533 1110 2616 [donuae]

578 2660 692 2703 uerum
729 2642 799 2703 ΚΛ
839 2639 1009 2705 rationalis
1051 2644 1109 2726 cst,

577 2745 802 2830 rectangulum
825 2750 933 2811 autem
951 2751 1040 2816 recta
1058 2769 1110 2811 ra-

577 2851 694 2916 tionali
740 2856 774 2917 et
818 2857 969 2936 apotome
1010 2853 1110 2918 tertia

578 2959 845 3040 comprehensum
856 2959 1043 3024 irrationale
1052 2964 1110 3044 est,

97 3047 120 3094 A
242 3048 267 3093 A
312 3044 339 3093 Γ
363 3045 393 3095 Η
452 3046 477 3095 Α
578 3067 611 3127 et
628 3066 718 3127 recta
736 3063 766 3127 ei
785 3066 928 3148 aequalis
952 3066 1126 3150 quadrata·

98 3166 299 3230 irrationalis
329 3171 393 3250 est,
423 3171 560 3232 uocatur
592 3172 700 3233 autem
728 3168 852 3235 mediae
883 3175 1034 3254 apotome
1063 3193 1110 3237 se·

175 3290 201 3357 1)
226 3286 400 3342 Onmuerba
422 3285 507 3342 καὶ
489 3305 543 3343 uo
526 3307 616 3358 με
617 3308 667 3357 ρον
685 3285 849 3345 τοΒΓ
868 3296 922 3345 BA
945 3291 1067 3347 lin-e
1077 3297 1111 3348 10

98 3357 173 3412 nihil
186 3290 292 3413 faciant
306 3359 342 3413 ad
353 3357 533 3413 demonstran
553 3359 648 3426 umid,
663 3361 738 3428 quod
753 3362 889 3430 sequitur
900 3379 985 3416 noni
970 3362 1122 3414 immanite

98 3426 283 3555 {mugnplpo
304 3429 479 3484 omittuntur.
517 3399 670 3502 Gregorids
689 3432 791 3488 omisit
808 3431 894 3488 turni
905 3431 968 3484 lm
983 3435 1024 3481 &b
1045 3457 1083 3467 -
1100 3443 1147 3490 ‘a

181 3517 211 3552 m
