2414 3832
378 133 652 186 ELEMENTORUM
669 135 777 185 LIBER
794 136 828 186 X.
1065 131 1109 195 23

94 281 206 363 itaque
224 277 405 341 inuenimus
426 281 475 340 A:
487 280 567 338 E=
579 273 624 340 Α2
634 298 641 337 :
653 274 702 340 3².
718 313 759 321 -
775 275 859 371 quod
884 280 954 341 erat
978 278 1109 342 demon-

92 383 274 450 strandum.

565 486 639 552 VII.

163 611 404 697 Magnitudines
426 610 771 675 incommensurabiles
791 611 877 674 inter
897 613 1108 676 serationem

91 742 161 786 non
183 719 317 800 habent,
336 739 434 802 quam
457 736 610 780 numerus
634 716 674 780 ad
697 737 876 781 numerum.

162 823 235 890 Sint
258 823 499 908 magnitudines
522 822 866 888 incommensurabiles
892 829 938 907 A,
951 826 990 887 Β.
1027 822 1108 907 dice,

92 938 126 998 A
151 931 193 996 ad
215 936 244 995 B
267 931 427 995 rationem
450 949 516 994 non
539 928 668 1012 habere,
693 950 790 1013 quam
812 928 933 994 habeat
955 950 1108 994 numerus

92 1040 136 1104 ad
159 1059 338 1102 numerum.

147 1164 169 1212 A
324 1140 411 1205 Nam
440 1140 469 1204 si
496 1145 528 1204 A
556 1140 595 1204 ad
624 1145 652 1204 Β
679 1139 839 1205 rationem
865 1141 979 1224 habet,
1010 1163 1108 1225 quarn

260 1268 414 1312 numerus
429 1246 468 1311 ad
483 1267 661 1330 numerum,
673 1252 705 1311 A
716 1251 785 1311 etB
800 1247 1108 1312 commensurabiles

94 1370 185 1409 1--l
257 1358 353 1419 erunt
375 1356 480 1436 [prop.
503 1350 575 1432 VI].
602 1374 713 1417 uerum
736 1375 802 1418 non
825 1357 908 1418 sunt.
944 1353 1054 1436 itaque
1077 1357 1109 1415 A

93 1464 137 1528 ad
157 1467 184 1525 Β
203 1461 363 1525 rationem
380 1479 447 1523 non
465 1457 575 1540 habet,
594 1478 690 1540 quam
706 1478 859 1521 numerus
873 1456 914 1521 ad
928 1479 1109 1523 numerum.

164 1565 254 1648 Ergo
278 1563 519 1648 magnitudines
542 1561 884 1626 incommensurabiles
903 1562 988 1626 inter
1007 1585 1040 1626 se
1058 1586 1108 1627 ra·

99 1672 225 1736 tionem
248 1691 313 1734 non
335 1669 466 1753 habent,
489 1671 523 1732 et
546 1689 627 1752 quae
652 1669 838 1751 sequuntur.

555 1861 645 1928 VIII.
710 1877 716 1886 ‘

164 1985 198 2052 Si
214 1988 296 2052 duae
310 1986 552 2070 magnitudines
571 1986 655 2050 inter
674 2006 708 2050 se
726 1985 885 2050 rationem
899 2006 964 2050 non
977 1984 1109 2062 habent,

94 2117 193 2179 quam
215 2113 371 2157 numerus
390 2092 430 2158 ad
449 2114 628 2174 numerum,
651 2090 892 2176 magnitudines
911 2092 1108 2156 incommen-

95 2200 257 2266 surabiles
282 2203 385 2263 erunt.

148 2327 170 2375 A
320 2304 413 2370 Duae
441 2304 527 2368 enim
555 2303 794 2388 magnitudines
831 2308 874 2382 A,
896 2308 925 2367 B
953 2303 1038 2366 inter
1074 2323 1109 2366 se

94 2463 186 2501 Ι-,Ι
232 2393 235 2429 ¹
258 2412 419 2476 rationem
446 2431 487 2474 ne
508 2409 666 2493 habeant,
694 2431 791 2493 quam
813 2429 964 2473 numerus
989 2407 1029 2470 ad
1052 2430 1109 2470 nu-

126 2504 148 2552 B
256 2538 389 2580 merum.
424 2515 509 2599 dico,
528 2515 768 2600 magnitudines
796 2520 840 2598 A,
860 2519 888 2577 B
915 2514 1110 2578 incommen-

52 2623 55 2628 ’
91 2624 253 2690 surabiles
277 2645 354 2688 esse.

163 2729 250 2794 Nam
265 2729 293 2793 si
307 2728 615 2794 commensurabiles
630 2731 715 2810 sunt,
729 2732 761 2791 A
775 2727 815 2791 ad
832 2731 860 2790 Β
874 2725 1034 2790 rationem
1053 2725 1109 2789 ha-

95 2837 161 2920 bet,
175 2857 272 2919 quarn
286 2857 440 2899 numerus
456 2834 496 2898 ad
510 2855 679 2898 numerum
696 2835 800 2917 [prop.
814 2831 870 2913 Vl.
913 2852 1025 2896 uerum
1043 2852 1110 2895 non

94 2941 203 3006 habet.
217 2940 576 3025 Itaquemagnitudines
587 2944 662 3018 A,B
670 2938 1013 3005 incommensurabiles
1024 2941 1108 3002 sunt.

163 3045 253 3131 Ergo
277 3048 306 3112 si
329 3047 411 3111 duae
438 3046 680 3130 magnitudines
709 3047 793 3110 inter
818 3067 867 3126 se,
896 3047 928 3107 ct
955 3065 1037 3125 quae
1061 3064 1108 3106 se-

96 3156 248 3236 quuntur.

131 3323 271 3396 ἄριθμόν]
298 3342 367 3380 corr.
392 3341 426 3379 ex
448 3319 571 3394 ἀριθμός
594 3343 631 3378 m.
652 3330 666 3378 1
686 3323 715 3377 P.
797 3329 840 3378 23.
860 3318 935 3377 ἐστίν
952 3323 983 3376 P.
1065 3327 1109 3376 24.
1199 3316 1202 3319 ¹

96 3393 451 3483 dciv—psyidahcmst.
491 3391 594 3481 ⁸arod?
613 3392 730 3484 uitiator]
748 3394 791 3480 bis
811 3394 836 3480 b.
910 3394 958 3448 acl
976 3391 1012 3448 τὰ
1031 3390 1108 3463 ἑξῆς]

96 3471 182 3536 ,λογον
201 3487 238 3538 μη
260 3465 319 3538 ἔχῃ,
339 3486 373 3520 ον
392 3468 517 3536 αρυθμος
534 3484 606 3534 προς
625 3469 751 3535 αριθμον
765 3483 930 3535 ασυμμετρα
948 3461 1026 3519 ἔσται
1044 3463 1077 3518 V.
