2414 3832
377 135 652 186 scansuronuu
670 136 779 187 niusa
796 137 829 188 n.
1067 132 1112 197 45

90 281 176 344 biles
190 281 265 361 AB,
280 280 350 342 ΒΓ.
374 278 455 361 dico,
479 278 576 343 etiam
599 282 705 344 totum
725 280 794 342 ΑΓ
808 279 937 362 utrique
958 282 1034 361 AB,
1051 282 1118 344 ΒΓ

92 383 385 452 commensurabile
408 403 488 448 esse.

163 514 238 557 nam
255 490 408 574 quoniam
424 494 455 555 Α
460 494 498 568 Β,
516 493 584 555 ΒΓ
596 490 904 556 commensurabiles
920 495 1005 575 sunt,
1024 513 1113 577 mag·

91 598 207 665 nitudo
232 597 341 681 aliqua
364 617 418 661 eas
448 596 609 661 metietur.
655 597 809 662 metiatur
832 601 865 662 et
893 598 938 661 sit
961 602 1002 662 A.
1048 599 1113 662 iam

102 738 107 775 1
349 735 545 772 r——s
605 704 760 789 quoniam
801 708 835 768 A
871 703 1113 788 magnitudines

93 781 116 828 A
339 777 360 826 B
531 776 557 826 Γ
603 814 679 894 ΑΒ,
697 813 763 876 ΒΓ
783 811 924 894 metitur,
947 811 1046 875 etiam
1064 814 1113 874 to·

212 885 341 934 '‘⁶⁸¹‘'
602 919 673 981 tum
697 920 766 982 ΑΓ
791 917 950 981 metietur.
1000 939 1113 982 uerum

94 1026 196 1092 etiam
223 1029 302 1106 AB,
325 1025 390 1088 ΒΓ
409 1022 550 1087 met'tur.
593 1027 626 1087 Δ
645 1023 746 1106 igitur
768 1027 848 1106 AB,
867 1024 941 1106 ΒΓ,
964 1025 1033 1087 ΑΓ
1051 1044 1115 1087 me·

94 1133 185 1197 titur.
220 1150 298 1216 ergo
322 1135 354 1196 Α
361 1131 393 1194 Γ
412 1129 541 1214 utrique
563 1133 641 1208 AB,
661 1132 728 1194 ΒΓ
742 1130 1041 1194 commensurabilis
1065 1133 1115 1195 est

96 1238 175 1320 [def.
196 1237 238 1317 1].

163 1344 236 1409 lam
268 1365 346 1408 uero
374 1347 407 1406 A
414 1345 454 1424 Γ,
482 1348 515 1406 Α
522 1347 550 1408 Β
579 1343 887 1409 commensurabiles
921 1345 995 1411 sint.
1032 1344 1114 1428 dico,

97 1451 201 1516 etiam
225 1455 256 1512 Α
263 1453 299 1532 Β,
321 1451 388 1514 ΒΓ
408 1449 717 1513 commensurabiles
741 1471 821 1514 esse.

167 1575 246 1618 narn
284 1556 433 1637 quoniam
466 1557 544 1632 ΑΓ,
578 1558 644 1618 ΑΒ
677 1554 987 1620 commensurabiles
1025 1558 1115 1639 sunt,

101 1658 293 1744 magnitudo
312 1661 421 1746 aliqua
438 1684 493 1727 eas
514 1661 674 1726 metietur.
697 1661 852 1726 metiatur
870 1663 904 1724 et
922 1661 966 1725 sit
983 1664 1026 1724 A.
1048 1661 1114 1724 iam

104 1765 255 1851 quoniam
273 1771 307 1831 A
324 1768 566 1854 magnitudines
584 1771 658 1851 ΓΑ,
676 1772 709 1831 A
714 1772 742 1833 Β
761 1767 904 1847 metitur,
923 1766 1023 1832 etiam
1041 1764 1114 1830 reli·

100 1895 198 1958 quam
216 1876 283 1938 ΒΓ
296 1875 457 1941 metietur.
494 1896 605 1939 uerum
630 1875 730 1939 etiarn
748 1879 815 1939 AB
833 1873 974 1940 metitur.
1007 1878 1041 1938 A
1055 1871 1115 1957 igi·

99 1983 155 2045 tur
177 1985 257 2065 AB,
279 1985 346 2047 ΒΓ
364 1981 526 2047 metietur.
558 1981 668 2065 itaque
690 1986 770 2063 AB,
794 1983 859 2046 ΒΓ
878 2001 1115 2047 commensura-

98 2086 184 2152 biles
210 2091 314 2151 erunt.

167 2191 257 2279 Ergo
281 2194 310 2259 si
334 2193 415 2258 duae
439 2193 688 2279 magnitudines,
711 2198 745 2258 et
767 2216 850 2279 quae
870 2196 1056 2277 sequuntur.

566 2370 652 2438 XVI.

170 2491 205 2557 Si
234 2494 317 2558 duae
344 2494 586 2579 magnitudines
613 2494 957 2562 incommensurabiles
986 2515 1115 2576 compo-

99 2602 234 2683 nuntur,
258 2600 357 2665 etiam
380 2603 487 2665 totum
510 2600 638 2685 utrique
659 2624 770 2666 earum
789 2600 1116 2666 incommensurabile

99 2709 166 2789 est3
191 2708 224 2770 et
243 2705 271 2770 si
289 2708 395 2771 totum
415 2707 564 2772 alterutri
582 2728 693 2773 earum
713 2706 1039 2772 incommensurabile
1058 2710 1116 2790 est,

101 2813 203 2876 etiam
226 2811 469 2896 magnitudines
499 2813 540 2878 ab
568 2814 662 2879 initio
690 2815 818 2898 positae
845 2813 1117 2905 incommensura-

99 2917 184 2983 biles
208 2921 310 2982 erunt.
542 2995 546 3003 Ι

171 3021 417 3109 Componantur
444 3027 531 3090 enim
556 3026 638 3091 duae
661 3024 899 3111 magnitudines
922 3026 1116 3090 incommen-

101 3129 263 3195 surabiles
282 3134 357 3215 AB,
376 3133 446 3197 ΒΓ.
471 3131 552 3217 dico,
571 3132 671 3197 etiam
690 3134 797 3197 totum
816 3134 886 3196 ΑΓ
899 3131 1027 3215 utrique
1041 3137 1073 3196 A
1078 3136 1116 3217 B,

101 3237 170 3299 ΒΓ
189 3235 514 3302 incommensurabile
538 3260 618 3304 esse.

101 3415 119 3466 2
134 3410 169 3476 lu
189 3407 227 3478 ιη’
240 3411 272 3480 Β,
291 3429 347 3480 mg.
362 3407 408 3470 ιζ.
460 3419 506 3485 192
521 3410 678 3482 σύμμετρον
691 3413 723 3480 Β,
743 3429 811 3468 corr.
826 3432 863 3469 rn.
875 3419 906 3480 23
925 3413 994 3468 item
1008 3414 1057 3469 lin.
1072 3420 1115 3470 20.

138 3487 182 3536 21.
202 3484 416 3551 συγκείσθωσαν
433 3484 467 3540 V.
540 3484 609 3556 ΒΓ]
628 3499 698 3539 corr.
718 3500 752 3538 ex
772 3488 822 3539 ΓΒ
840 3485 870 3540 F.
