2414 3832
129 192 194 256 368
514 188 716 241 ΣΓΟΙΧΕΙΩΝ
734 184 761 242 ί.

131 333 232 422 λόγῳ,
254 331 311 398 καὶ
330 335 413 399 ἔστω
432 330 453 417 ἡ
473 330 510 398 τὸ
529 326 595 398 ὑπὸ
613 333 682 398 τῶν
697 339 728 396 Α
734 337 773 414 Β,
788 334 850 396 ΓΔ
869 328 1044 414 δυναμένη
1063 325 1084 415 ἡ
1100 334 1143 394 Η·

131 441 228 524 λέγω,
252 435 304 505 ὅτι
327 437 410 523 ῥητή
435 439 525 505 ἐστιν
548 434 569 521 ἡ
592 442 635 503 Η.

196 543 377 612 Ἐακείσθω
401 546 465 630 γὰρ
489 542 571 629 ῥητὴ
595 539 616 628 ἡ
641 549 680 626 Θ,
702 541 827 631 καὶτῷ
850 539 915 608 ἀπὸ
939 545 998 626 τῆς
1020 549 1052 608 Θ
1071 549 1146 610 ίσον

132 650 221 737 παρὰ
240 650 303 737 τὴν
323 655 385 717 ΓΛ
402 647 672 736 παραβεβλήσθω
695 647 820 727 πλάτος
840 650 962 714 ποιοῦν
980 645 1045 734 τὴν
1064 655 1100 716 I(
1104 656 1147 715 A·

99 756 283 844 τάποτομὴ
310 754 376 844 ἄρα
404 756 494 823 ἐστὶν
521 753 650 841 ἡΚΛ,
681 746 722 840 ἧς
748 752 789 820 τὰ
818 751 966 840 ὀνόματα
993 759 1080 822 ἔστω
1107 753 1147 822 τὰ

133 872 226 949 ΚΜ,
250 871 326 932 ΜΛ
354 863 525 950 σύμμετρα
546 875 618 940 τοῖς
643 865 702 946 τῆς
724 863 760 928 ἐκ
784 860 847 929 δύο
871 856 1047 948 ὀνομάτων
1072 858 1149 929 ὀνό-

132 991 214 1057 μασι
236 983 306 1048 τοῖς
329 975 402 1055 ΓΕ,
427 976 495 1035 ΕΔ
517 968 572 1034 καὶ
596 970 701 1059 ἐντῷ
725 964 816 1057 αὐτῷ
839 966 939 1058 λόγῳ.
984 963 1070 1035 ἀλλὰ
1094 967 1149 1035 καὶ

135 1080 172 1143 al
193 1082 271 1161 ΓΕ,
295 1084 365 1143 ΕΔ
394 1073 579 1162 σύμμετροί
599 1075 637 1140 τέ
657 1079 722 1141 εἰσι
744 1086 818 1152 ταῖς
839 1080 919 1157 ΑΖ,
944 1079 1005 1140 ΖΒ
1031 1075 1091 1142 καὶ
1113 1075 1150 1142 ἐν

134 1193 180 1272 τῷ
210 1180 299 1272 αὐτῷ
328 1179 430 1267 λόγῳ·
473 1185 563 1247 ἔστιν
586 1178 652 1265 ἄρα
676 1177 721 1258 ὡς
747 1176 768 1266 ἡ
793 1186 859 1247 AZ
884 1176 967 1265 πρὸς
989 1177 1053 1264 τὴν
1079 1170 1151 1264 ΖΒ,

85 1318 118 1365 10
137 1286 242 1366 οὕτως
260 1284 281 1372 ἡ
301 1293 382 1354 ΚΜ
400 1284 483 1374 πρὸς
501 1293 585 1354 ΜΛ.
614 1285 753 1368 ἐναλλὰξ
777 1284 843 1374 ἄρα
867 1287 958 1354 ἐστὶν
981 1283 1026 1365 ὥς
1044 1283 1066 1372 ἡ
1086 1294 1151 1354 ΑΖ

135 1393 218 1479 πρὸς
240 1392 302 1480 τὴν
320 1400 407 1480 ΚΜ,
432 1392 539 1474 οὕτως
557 1392 577 1480 ἡ
597 1401 659 1461 ΒΖ
678 1397 762 1479 πρὸς
779 1393 843 1481 τὴν
860 1401 949 1461 ΛΜ·
973 1394 1030 1461 καὶ
1050 1398 1152 1480 λοιπὴ

136 1498 202 1586 ἄρα
234 1498 255 1587 ἡ
288 1508 355 1568 AB
386 1500 470 1588 πρὸς
501 1500 623 1587 λοιπὴν
655 1499 717 1586 τὴν
745 1508 815 1568 ΚΑ
847 1503 938 1569 ἐστιν
966 1499 1011 1580 ὡς
1040 1499 1063 1587 ἡ
1088 1510 1152 1570 AZ

136 1606 219 1693 πρὸς
241 1615 327 1676 ΚΜ.
373 1607 558 1695 σύμμετρος
581 1607 618 1674 δὲ
641 1604 662 1693 ἡ
686 1616 751 1675 ΑΖ
778 1610 818 1696 τῇ
842 1614 931 1675 ΚΜ·
964 1607 1154 1696 σύμμετρος

137 1712 204 1799 ἄρα
227 1715 295 1783 ἐστὶ
318 1716 374 1782 καὶ
397 1711 418 1800 ἡ
439 1722 503 1781 ΑΒ
525 1718 564 1802 τῇ
584 1720 661 1781 ΚΛ.
697 1720 756 1780 καί
772 1717 861 1782 ἐστιν
881 1711 926 1793 ὡς
943 1711 964 1798 ἡ
983 1721 1049 1780 ΑΒ
1070 1717 1155 1802 πρὸς

87 1846 120 1894 15
139 1828 173 1888 K
178 1828 219 1906 Λ,
238 1819 344 1900 οὕτως
362 1819 399 1888 τὸ
418 1818 484 1888 ὑπὸ
503 1825 571 1887 τῶν
585 1825 658 1906 ΓΔ,
674 1828 738 1887 ΑΒ
757 1819 841 1908 πρὸς
857 1819 896 1888 τὸ
916 1817 981 1887 ὑπὸ
995 1823 1066 1887 τῶν
1081 1826 1155 1905 ΓΔ,

139 1934 221 1993 ΚΛ·
259 1926 448 2015 σύμμετρον
475 1926 549 2014 ίίραν
569 1928 637 1994 ἐστὶ
664 1924 781 1994 καὶτὸ
805 1925 870 1994 ὑπὸ
894 1931 963 1993 τῶν
985 1932 1065 2011 ΓΔ,
1091 1933 1155 1993 ΑΒ

139 2037 183 2123 τῷ
207 2030 273 2099 ὑπὸ
291 2036 359 2100 τῶν
381 2038 454 2116 ΓΛ,
474 2040 551 2099 ΚΛ.
589 2041 664 2100 ἴσον
688 2032 726 2100 δὲ
747 2032 785 2101 τὸ
810 2032 877 2100 ὑπὸ
899 2037 967 2100 των
989 2037 1065 2119 ΓΛ,
1086 2040 1156 2101 ΚΛ

139 2143 184 2228 τῷ
208 2135 273 2204 ἄπο
296 2149 354 2224 τῆς
372 2145 413 2205 Θ’
448 2137 638 2226 σύμμετρον
661 2137 727 2226 ἄρα
751 2139 819 2206 ἐστὶ
842 2139 880 2207 τὸ
899 2136 965 2206 ὑπὸ
987 2148 1057 2207 τῶν
1084 2144 1156 2224 ΓΔ,

140 2252 207 2311 ΑΒ
221 2255 267 2335 τῷ
282 2241 346 2312 ἀπὸ
362 2248 420 2331 τῆς
434 2252 470 2315 Θ.
493 2250 539 2338 τῷ
555 2245 592 2313 δὲ
605 2243 671 2314 ὑπὸ
688 2250 756 2312 τῶν
771 2251 843 2330 ΓΛ,
857 2252 923 2311 ΑΒ
938 2253 1014 2312 ἴσον
1029 2246 1101 2312 ἐστὶ
1119 2243 1155 2312 τὸ

88 2377 123 2426 20
141 2348 206 2419 ἀπὸ
235 2355 293 2437 τῆς
316 2359 363 2419 Η·
406 2351 594 2440 σύμμετρον
622 2351 688 2440 ἄρα
716 2352 784 2419 ἐστὶ
812 2350 848 2419 τὸ
877 2348 943 2418 ἀπὸ
966 2360 1025 2436 τῆς
1048 2358 1090 2418 Η
1111 2357 1156 2442 τῷ

142 2454 206 2526 ἀπὸ
229 2463 288 2545 τῆς
311 2465 347 2526 Θ.
385 2456 487 2545 ῥητὸν
511 2458 547 2525 δὲ
570 2457 608 2526 τὸ
632 2457 698 2526 ἀπὸ
722 2462 781 2543 τῆς
803 2464 844 2523 Θ·
869 2455 971 2542 ῥητὸν
996 2455 1063 2543 ἄρα
1089 2459 1157 2526 ἐστὶ

143 2565 198 2630 καὶ
221 2565 259 2632 τὸ
283 2562 349 2632 ἀπὸ
373 2569 431 2650 τῆς
448 2571 495 2632 Η·
523 2562 605 2651 ῥητὴ
630 2562 695 2650 ἄρα
719 2564 809 2631 ἐστὶν
827 2560 849 2649 ἡ
868 2568 909 2629 Η.
937 2563 993 2629 καὶ
1014 2562 1158 2631 δύναται

142 2674 179 2738 τὸ
203 2668 269 2739 ὑπὸ
293 2673 362 2738 τῶν
384 2676 456 2756 ΓΛ,
481 2678 555 2738 AB.

207 2776 286 2845 Ἐὰν
309 2776 374 2862 ἄρα
397 2783 523 2865 χωρίον
546 2777 734 2864 περιέχηται
753 2773 817 2844 ὑπὸ
838 2772 1005 2863 ἀποτομῆς
1023 2777 1080 2843 καὶ
1100 2781 1158 2863 τῆς

92 2908 126 2957 25
146 2886 180 2952 ἐκ
204 2885 266 2953 δύο
291 2883 483 2970 ὀνομάτων,
506 2874 546 2969 ἧς
568 2882 609 2950 τὰ
633 2883 780 2970 ὀνόματα
804 2881 973 2970 σύμμετροί
997 2884 1067 2950 ἐστι
1090 2897 1160 2962 τοῖς

144 2996 202 3078 τῆς
225 2989 392 3077 ἀποτομῆς
421 2983 563 3076 ὅνόμασι
590 2990 646 3057 καὶ
673 2991 710 3057 ἐν
738 2995 784 3083 τῷ
813 2988 903 3081 αὐτῷ
933 2988 1038 3080 λόγῳ,
1070 2985 1092 3075 ἡ
1121 2987 1158 3056 τὸ

144 3104 269 3185 χωρίον
293 3099 464 3183 δυναμένη
488 3095 570 3184 ῥητή
594 3098 694 3164 ἐστιν.

218 3267 241 3312 1.
261 3254 291 3329 ἡ]
312 3276 367 3314 om.
386 3257 467 3314 Βνο,
541 3252 740 3398 ὴχθοοην.
821 3255 988 3326 mab.
1072 3254 1160 3325 νο]

147 3329 244 3396 (prius)
263 3331 316 3383 ΒΘ
334 3330 364 3385 F.
455 3336 479 3383 4.
503 3325 555 3395 τήν
598 3326 697 3396 (prius)
721 3327 843 3382 nm.
935 3333 960 3380 6.
983 3330 1033 3394 τῆς
1054 3322 1103 3396 ἐκ]
1130 3319 1160 3378 ἐκ

146 3400 202 3452 τῶν
222 3400 255 3455 V.
324 3405 348 3454 7.
368 3395 438 3455 ἄλλοί
454 3430 487 3440 -
503 3405 527 3453 9.
547 3395 631 3470 λόχῳ]
651 3416 706 3467 mg.
727 3417 763 3455 m.
786 3399 848 3453 11⁴³.
916 3404 940 3453 8.
960 3403 1018 3458 τοῖς
1037 3398 1065 3453 b.
1136 3402 1160 3450 9.

133 3470 203 3542 AZ]
219 3486 290 3527 οοιτ.
311 3489 348 3528 ex
366 3476 424 3529 ΑΓ
440 3472 475 3530 V.
549 3476 594 3525 n.
613 3469 677 3540 ΒΖΚ
697 3473 749 3522 zss
764 3469 801 3523 B.
869 3463 967 3548 {M}
979 3468 1080 3536 Qrius)
1098 3469 1162 3535 post

120 3557 178 3599 ras.
200 3549 216 3598 1
237 3543 298 3601 litt.
318 3544 352 3606 F.
442 3552 485 3604 13.
513 3539 589 3615 πρὸς
611 3573 642 3583 -
666 3540 735 3609 Αῑχ
756 3555 813 3591 om.
826 3537 866 3589 ο,
939 3553 989 3598 τω
1009 3538 1073 3584 m
1086 3537 1172 3585 m

216 3754 258 3786 A
350 3760 375 3786 Ι-
