<?xml version="1.0" encoding="UTF-8"?>
<!DOCTYPE html PUBLIC "-//W3C//DTD XHTML 1.0 Transitional//EN"
    "http://www.w3.org/TR/xhtml1/DTD/xhtml1-transitional.dtd">
<html xmlns="http://www.w3.org/1999/xhtml" xml:lang="en" lang="en">
 <head>
  <title>
</title>
<meta http-equiv="Content-Type" content="text/html;charset=utf-8" />
  <meta name='ocr-system' content='tesseract 3.04.00' />
  <meta name='ocr-capabilities' content='ocr_page ocr_carea ocr_par ocr_line ocrx_word'/>
</head>
<body>
  <div class='ocr_page' id='page_1' title='image "./euclidisoperaom17unkngoog_0025.png"; bbox 0 0 2414 3832; ppageno 0'>
   <div class='ocr_carea' id='block_1_1' title="bbox 124 147 752 213">
    <p class='ocr_par' dir='ltr' id='par_1_1' title="bbox 124 147 752 213">
     <span class='ocr_line' id='line_1_1' title="bbox 124 147 752 213; baseline -0.011 0"><span class='ocrx_word' id='word_1_1' title='bbox 124 149 165 213; x_wconf 89' lang='lat'><em>14</em></span> <span class='ocrx_word' id='word_1_2' title='bbox 506 152 707 205; x_wconf 70' lang='grc' dir='ltr'>ΣΤΟΙΧΕΙΩΝ</span> <span class='ocrx_word' id='word_1_3' title='bbox 725 147 752 206; x_wconf 78' lang='grc' dir='ltr'><em>ι’.</em></span> 
     </span>
    </p>
   </div>
   <div class='ocr_carea' id='block_1_2' title="bbox 66 291 1142 1978">
    <p class='ocr_par' dir='ltr' id='par_1_2' title="bbox 120 291 1140 700">
     <span class='ocr_line' id='line_1_2' title="bbox 189 291 1140 381; baseline 0.005 -21"><span class='ocrx_word' id='word_1_4' title='bbox 189 295 248 379; x_wconf 84' lang='grc' dir='ltr'><em>Μή</em></span> <span class='ocrx_word' id='word_1_5' title='bbox 276 297 431 381; x_wconf 81' lang='grc' dir='ltr'><em>μετρείτω</em></span> <span class='ocrx_word' id='word_1_6' title='bbox 460 292 563 378; x_wconf 77' lang='grc' dir='ltr'><em>δήτὸ</em></span> <span class='ocrx_word' id='word_1_7' title='bbox 588 299 622 359; x_wconf 99' lang='lat' dir='ltr'><em>A</em></span> <span class='ocrx_word' id='word_1_8' title='bbox 643 291 681 361; x_wconf 88' lang='grc' dir='ltr'><em>τὸ</em></span> <span class='ocrx_word' id='word_1_9' title='bbox 701 299 735 360; x_wconf 92' lang='grc' dir='ltr'><em>Γ.</em></span> <span class='ocrx_word' id='word_1_10' title='bbox 794 293 878 380; x_wconf 76' lang='grc' dir='ltr'><em>λέγω</em></span> <span class='ocrx_word' id='word_1_11' title='bbox 907 298 1056 380; x_wconf 78' lang='grc' dir='ltr'><em>πρῶτον,</em></span> <span class='ocrx_word' id='word_1_12' title='bbox 1085 295 1140 365; x_wconf 79' lang='grc' dir='ltr'><em>ὅτι</em></span> 
     </span>
     <span class='ocr_line' id='line_1_3' title="bbox 122 394 1139 489; baseline 0.005 -23"><span class='ocrx_word' id='word_1_13' title='bbox 122 397 291 485; x_wconf 76' lang='grc' dir='ltr'><em>σύμμετροί</em></span> <span class='ocrx_word' id='word_1_14' title='bbox 316 401 385 468; x_wconf 82' lang='grc' dir='ltr'><em>ἐστι</em></span> <span class='ocrx_word' id='word_1_15' title='bbox 407 401 447 468; x_wconf 82' lang='grc' dir='ltr'><em>τὰ</em></span> <span class='ocrx_word' id='word_1_16' title='bbox 470 406 508 483; x_wconf 88' lang='grc' dir='ltr'><em>Γ,</em></span> <span class='ocrx_word' id='word_1_17' title='bbox 527 394 574 467; x_wconf 91' lang='lat' dir='ltr'><em>A.</em></span> <span class='ocrx_word' id='word_1_18' title='bbox 625 400 695 468; x_wconf 77' lang='grc' dir='ltr'><em>ἐπεὶ</em></span> <span class='ocrx_word' id='word_1_19' title='bbox 719 399 783 485; x_wconf 82' lang='grc' dir='ltr'><em>γὰρ</em></span> <span class='ocrx_word' id='word_1_20' title='bbox 807 400 979 489; x_wconf 80' lang='grc' dir='ltr'><em>σύμμετρά</em></span> <span class='ocrx_word' id='word_1_21' title='bbox 1003 403 1139 471; x_wconf 80' lang='grc' dir='ltr'><em>ἐστιτὰ</em></span> 
     </span>
     <span class='ocr_line' id='line_1_4' title="bbox 120 504 1139 594; baseline 0.004 -22"><span class='ocrx_word' id='word_1_22' title='bbox 120 508 163 591; x_wconf 83' lang='lat' dir='ltr'><em>A,</em></span> <span class='ocrx_word' id='word_1_23' title='bbox 184 512 223 591; x_wconf 92' lang='grc' dir='ltr'><em>Β,</em></span> <span class='ocrx_word' id='word_1_24' title='bbox 244 510 286 591; x_wconf 95' lang='grc' dir='ltr'><em>Γ,</em></span> <span class='ocrx_word' id='word_1_25' title='bbox 310 505 463 593; x_wconf 80' lang='grc' dir='ltr'><strong><em>μετρήσει</em></strong></span> <span class='ocrx_word' id='word_1_26' title='bbox 486 533 518 573; x_wconf 95' lang='grc' dir='ltr'><em>τι</em></span> <span class='ocrx_word' id='word_1_27' title='bbox 537 504 621 573; x_wconf 76' lang='grc' dir='ltr'><em>αὐτοὶ</em></span> <span class='ocrx_word' id='word_1_28' title='bbox 645 508 798 593; x_wconf 77' lang='grc' dir='ltr'><em>μέγεθος,</em></span> <span class='ocrx_word' id='word_1_29' title='bbox 823 504 841 575; x_wconf 83' lang='grc' dir='ltr'>ὃ</span> <span class='ocrx_word' id='word_1_30' title='bbox 866 507 994 594; x_wconf 74' lang='grc' dir='ltr'><em>δηλαδή</em></span> <span class='ocrx_word' id='word_1_31' title='bbox 1017 509 1139 576; x_wconf 81' lang='grc' dir='ltr'><em>καὶτὰ</em></span> 
     </span>
     <span class='ocr_line' id='line_1_5' title="bbox 120 609 1139 700; baseline 0.007 -22"><span class='ocrx_word' id='word_1_32' title='bbox 120 621 163 696; x_wconf 92' lang='lat' dir='ltr'><em>A,</em></span> <span class='ocrx_word' id='word_1_33' title='bbox 179 619 206 678; x_wconf 91' lang='grc' dir='ltr'><strong><em>Β</em></strong></span> <span class='ocrx_word' id='word_1_34' title='bbox 225 611 393 699; x_wconf 79' lang='grc' dir='ltr'><em>μετρήσει·</em></span> <span class='ocrx_word' id='word_1_35' title='bbox 417 609 501 680; x_wconf 76' lang='grc' dir='ltr'><em>ὥστε</em></span> <span class='ocrx_word' id='word_1_36' title='bbox 521 611 632 681; x_wconf 80' lang='grc' dir='ltr'><em>καὶτὸ</em></span> <span class='ocrx_word' id='word_1_37' title='bbox 653 616 721 681; x_wconf 78' lang='grc' dir='ltr'><em>τῶν</em></span> <span class='ocrx_word' id='word_1_38' title='bbox 734 623 777 698; x_wconf 92' lang='grc' dir='ltr'><em>Α,</em></span> <span class='ocrx_word' id='word_1_39' title='bbox 797 621 825 681; x_wconf 90' lang='grc' dir='ltr'><strong><em>Β</em></strong></span> <span class='ocrx_word' id='word_1_40' title='bbox 844 616 1001 700; x_wconf 74' lang='grc' dir='ltr'><em>μέγιστον</em></span> <span class='ocrx_word' id='word_1_41' title='bbox 1019 618 1139 685; x_wconf 84' lang='grc' dir='ltr'><em>κοινὸν</em></span> 
     </span>
    </p>

    <p class='ocr_par' dir='ltr' id='par_1_3' title="bbox 66 719 1142 1978">
     <span class='ocr_line' id='line_1_6' title="bbox 85 719 1139 808; baseline 0.001 -19"><span class='ocrx_word' id='word_1_42' title='bbox 85 720 241 807; x_wconf 77' lang='grc' dir='ltr'><em>σμέτρον</em></span> <span class='ocrx_word' id='word_1_43' title='bbox 264 719 302 789; x_wconf 89' lang='grc' dir='ltr'><em>τὸ</em></span> <span class='ocrx_word' id='word_1_44' title='bbox 327 728 361 787; x_wconf 94' lang='lat' dir='ltr'><em>A</em></span> <span class='ocrx_word' id='word_1_45' title='bbox 383 719 546 808; x_wconf 81' lang='grc' dir='ltr'><em>μετρήσει.</em></span> <span class='ocrx_word' id='word_1_46' title='bbox 589 733 702 807; x_wconf 78' lang='grc' dir='ltr'><em>μετρεῖ</em></span> <span class='ocrx_word' id='word_1_47' title='bbox 723 721 760 788; x_wconf 76' lang='grc' dir='ltr'><em>δὲ</em></span> <span class='ocrx_word' id='word_1_48' title='bbox 782 721 838 788; x_wconf 82' lang='grc' dir='ltr'><em>ιωιὶ</em></span> <span class='ocrx_word' id='word_1_49' title='bbox 861 720 899 789; x_wconf 89' lang='grc' dir='ltr'><em>τὸ</em></span> <span class='ocrx_word' id='word_1_50' title='bbox 918 728 959 789; x_wconf 98' lang='grc' dir='ltr'><em>Γ·</em></span> <span class='ocrx_word' id='word_1_51' title='bbox 997 723 1081 790; x_wconf 72' lang='grc' dir='ltr'><em>ὥστε</em></span> <span class='ocrx_word' id='word_1_52' title='bbox 1099 721 1139 791; x_wconf 91' lang='grc' dir='ltr'><em>τὸ</em></span> 
     </span>
     <span class='ocr_line' id='line_1_7' title="bbox 120 825 1139 917; baseline 0.003 -23"><span class='ocrx_word' id='word_1_53' title='bbox 120 828 299 912; x_wconf 73' lang='grc' dir='ltr'><em>εἰρημένον</em></span> <span class='ocrx_word' id='word_1_54' title='bbox 322 828 465 913; x_wconf 80' lang='grc' dir='ltr'><em>μέγεθος</em></span> <span class='ocrx_word' id='word_1_55' title='bbox 487 826 640 914; x_wconf 80' lang='grc' dir='ltr'><em>μετρήσει</em></span> <span class='ocrx_word' id='word_1_56' title='bbox 663 825 704 894; x_wconf 83' lang='grc' dir='ltr'><em>τὰ</em></span> <span class='ocrx_word' id='word_1_57' title='bbox 727 832 766 912; x_wconf 92' lang='grc' dir='ltr'><em>Γ,</em></span> <span class='ocrx_word' id='word_1_58' title='bbox 791 838 823 894; x_wconf 92' lang='grc' dir='ltr'><em>Δ</em></span> <span class='ocrx_word' id='word_1_59' title='bbox 829 850 835 863; x_wconf 91' lang='grc'><em>·</em></span> <span class='ocrx_word' id='word_1_60' title='bbox 873 828 1043 917; x_wconf 82' lang='grc' dir='ltr'><em>σύμμετροι</em></span> <span class='ocrx_word' id='word_1_61' title='bbox 1071 828 1139 914; x_wconf 76' lang='grc' dir='ltr'><em>ἄρα</em></span> 
     </span>
     <span class='ocr_line' id='line_1_8' title="bbox 119 926 1138 1021; baseline 0.004 -21"><span class='ocrx_word' id='word_1_62' title='bbox 119 932 189 1000; x_wconf 78' lang='grc' dir='ltr'><em>ἐστὶ</em></span> <span class='ocrx_word' id='word_1_63' title='bbox 207 931 247 1000; x_wconf 80' lang='grc' dir='ltr'><em>τὰ</em></span> <span class='ocrx_word' id='word_1_64' title='bbox 267 938 304 1018; x_wconf 89' lang='grc' dir='ltr'><em>Γ,</em></span> <span class='ocrx_word' id='word_1_65' title='bbox 325 940 366 1000; x_wconf 88' lang='lat' dir='ltr'><em>A.</em></span> <span class='ocrx_word' id='word_1_66' title='bbox 404 933 557 1021; x_wconf 77' lang='grc' dir='ltr'><em>εἰλήφθω</em></span> <span class='ocrx_word' id='word_1_67' title='bbox 577 926 640 1001; x_wconf 82' lang='grc' dir='ltr'><em>οὖν</em></span> <span class='ocrx_word' id='word_1_68' title='bbox 655 930 822 1003; x_wconf 72' lang='grc' dir='ltr'><em>αὐτῶντὸ</em></span> <span class='ocrx_word' id='word_1_69' title='bbox 842 937 999 1021; x_wconf 76' lang='grc' dir='ltr'><em>μέγιστον</em></span> <span class='ocrx_word' id='word_1_70' title='bbox 1017 935 1138 1004; x_wconf 84' lang='grc' dir='ltr'><em>κοινὸν</em></span> 
     </span>
     <span class='ocr_line' id='line_1_9' title="bbox 119 1032 1136 1131; baseline 0.002 -24"><span class='ocrx_word' id='word_1_71' title='bbox 119 1040 257 1127; x_wconf 82' lang='grc' dir='ltr'><em>μέτρον,</em></span> <span class='ocrx_word' id='word_1_72' title='bbox 280 1039 336 1107; x_wconf 81' lang='grc' dir='ltr'><em>καὶ</em></span> <span class='ocrx_word' id='word_1_73' title='bbox 360 1044 443 1108; x_wconf 81' lang='grc' dir='ltr'><em>ἔστω</em></span> <span class='ocrx_word' id='word_1_74' title='bbox 466 1040 504 1108; x_wconf 89' lang='grc' dir='ltr'><em>τὸ</em></span> <span class='ocrx_word' id='word_1_75' title='bbox 530 1048 567 1108; x_wconf 85' lang='grc' dir='ltr'><em>Ε.</em></span> <span class='ocrx_word' id='word_1_76' title='bbox 614 1041 683 1108; x_wconf 78' lang='grc' dir='ltr'><em>ἐπεὶ</em></span> <span class='ocrx_word' id='word_1_77' title='bbox 706 1032 770 1109; x_wconf 81' lang='grc' dir='ltr'><em>οὖν</em></span> <span class='ocrx_word' id='word_1_78' title='bbox 793 1040 830 1108; x_wconf 89' lang='grc' dir='ltr'><em>τὸ</em></span> <span class='ocrx_word' id='word_1_79' title='bbox 851 1049 882 1108; x_wconf 88' lang='lat' dir='ltr'><em>E</em></span> <span class='ocrx_word' id='word_1_80' title='bbox 903 1040 940 1110; x_wconf 89' lang='grc' dir='ltr'><em>τὸ</em></span> <span class='ocrx_word' id='word_1_81' title='bbox 962 1052 994 1108; x_wconf 92' lang='grc' dir='ltr'><em>Δ</em></span> <span class='ocrx_word' id='word_1_82' title='bbox 1013 1056 1136 1131; x_wconf 80' lang='grc' dir='ltr'><em>μετρεῖ,</em></span> 
     </span>
     <span class='ocr_line' id='line_1_10' title="bbox 119 1144 1138 1236; baseline 0.004 -24"><span class='ocrx_word' id='word_1_83' title='bbox 119 1144 203 1213; x_wconf 74' lang='grc' dir='ltr'><em>ἀλλὰ</em></span> <span class='ocrx_word' id='word_1_84' title='bbox 227 1147 265 1215; x_wconf 89' lang='grc' dir='ltr'><em>τὸ</em></span> <span class='ocrx_word' id='word_1_85' title='bbox 285 1153 319 1212; x_wconf 95' lang='lat' dir='ltr'><em>A</em></span> <span class='ocrx_word' id='word_1_86' title='bbox 336 1147 376 1213; x_wconf 77' lang='grc' dir='ltr'><em>τὰ</em></span> <span class='ocrx_word' id='word_1_87' title='bbox 395 1155 437 1232; x_wconf 97' lang='lat' dir='ltr'><em>A,</em></span> <span class='ocrx_word' id='word_1_88' title='bbox 457 1153 486 1214; x_wconf 90' lang='grc' dir='ltr'><strong><em>Β</em></strong></span> <span class='ocrx_word' id='word_1_89' title='bbox 504 1159 627 1234; x_wconf 91' lang='grc' dir='ltr'><em>μετρεῖ,</em></span> <span class='ocrx_word' id='word_1_90' title='bbox 649 1146 705 1214; x_wconf 80' lang='grc' dir='ltr'><em>καὶ</em></span> <span class='ocrx_word' id='word_1_91' title='bbox 723 1145 760 1215; x_wconf 91' lang='grc' dir='ltr'><em>τὸ</em></span> <span class='ocrx_word' id='word_1_92' title='bbox 780 1153 812 1212; x_wconf 88' lang='grc' dir='ltr'><em>Ε</em></span> <span class='ocrx_word' id='word_1_93' title='bbox 833 1144 898 1234; x_wconf 76' lang='grc' dir='ltr'><em>ἄρα</em></span> <span class='ocrx_word' id='word_1_94' title='bbox 917 1146 956 1215; x_wconf 78' lang='grc' dir='ltr'><em>τὰ</em></span> <span class='ocrx_word' id='word_1_95' title='bbox 976 1157 1019 1232; x_wconf 92' lang='grc' dir='ltr'><em>Α,</em></span> <span class='ocrx_word' id='word_1_96' title='bbox 1037 1155 1066 1216; x_wconf 93' lang='grc' dir='ltr'><strong><em>Β</em></strong></span> <span class='ocrx_word' id='word_1_97' title='bbox 1085 1175 1138 1236; x_wconf 94' lang='grc' dir='ltr'><em>με-</em></span> 
     </span>
     <span class='ocr_line' id='line_1_11' title="bbox 67 1250 1142 1341; baseline 0.004 -22"><span class='ocrx_word' id='word_1_98' title='bbox 67 1271 101 1321; x_wconf 88' lang='lat'><em>10</em></span> <span class='ocrx_word' id='word_1_99' title='bbox 118 1250 242 1340; x_wconf 90' lang='grc' dir='ltr'><em>τρήσει.</em></span> <span class='ocrx_word' id='word_1_100' title='bbox 294 1266 407 1340; x_wconf 80' lang='grc' dir='ltr'><em>μετρεῖ</em></span> <span class='ocrx_word' id='word_1_101' title='bbox 427 1251 465 1320; x_wconf 71' lang='grc' dir='ltr'><em>δὲ</em></span> <span class='ocrx_word' id='word_1_102' title='bbox 487 1255 543 1321; x_wconf 68' lang='lat' dir='ltr'><em>nal</em></span> <span class='ocrx_word' id='word_1_103' title='bbox 565 1280 602 1322; x_wconf 89' lang='grc' dir='ltr'><em>το</em></span> <span class='ocrx_word' id='word_1_104' title='bbox 628 1259 664 1321; x_wconf 95' lang='grc' dir='ltr'><em>Γ.</em></span> <span class='ocrx_word' id='word_1_105' title='bbox 710 1252 747 1321; x_wconf 88' lang='grc' dir='ltr'><em>τὸ</em></span> <span class='ocrx_word' id='word_1_106' title='bbox 772 1261 803 1321; x_wconf 86' lang='lat' dir='ltr'><em>E</em></span> <span class='ocrx_word' id='word_1_107' title='bbox 824 1251 890 1341; x_wconf 74' lang='grc' dir='ltr'><em>ἄρα</em></span> <span class='ocrx_word' id='word_1_108' title='bbox 913 1253 952 1321; x_wconf 77' lang='grc' dir='ltr'><em>τὰ</em></span> <span class='ocrx_word' id='word_1_109' title='bbox 979 1264 1021 1340; x_wconf 90' lang='grc' dir='ltr'><em>Α,</em></span> <span class='ocrx_word' id='word_1_110' title='bbox 1045 1262 1085 1338; x_wconf 93' lang='grc' dir='ltr'><em>Β,</em></span> <span class='ocrx_word' id='word_1_111' title='bbox 1108 1261 1142 1322; x_wconf 91' lang='grc' dir='ltr'><em>Γ</em></span> 
     </span>
     <span class='ocr_line' id='line_1_12' title="bbox 119 1357 1137 1447; baseline 0.003 -21"><span class='ocrx_word' id='word_1_112' title='bbox 119 1372 242 1446; x_wconf 90' lang='grc' dir='ltr'><em>μετρεῖ·</em></span> <span class='ocrx_word' id='word_1_113' title='bbox 265 1358 303 1426; x_wconf 92' lang='grc' dir='ltr'><em>τὸ</em></span> <span class='ocrx_word' id='word_1_114' title='bbox 319 1367 350 1426; x_wconf 89' lang='lat' dir='ltr'><em>E</em></span> <span class='ocrx_word' id='word_1_115' title='bbox 363 1357 428 1444; x_wconf 75' lang='grc' dir='ltr'><em>ἄρα</em></span> <span class='ocrx_word' id='word_1_116' title='bbox 441 1363 509 1428; x_wconf 77' lang='grc' dir='ltr'><em>τῶν</em></span> <span class='ocrx_word' id='word_1_117' title='bbox 523 1368 565 1445; x_wconf 92' lang='lat' dir='ltr'><em>A,</em></span> <span class='ocrx_word' id='word_1_118' title='bbox 580 1367 620 1445; x_wconf 92' lang='grc' dir='ltr'><em>Β,</em></span> <span class='ocrx_word' id='word_1_119' title='bbox 635 1366 668 1428; x_wconf 94' lang='grc' dir='ltr'><strong><em>Γ</em></strong></span> <span class='ocrx_word' id='word_1_120' title='bbox 677 1358 795 1428; x_wconf 81' lang='grc' dir='ltr'><em>κοινόν</em></span> <span class='ocrx_word' id='word_1_121' title='bbox 811 1362 879 1428; x_wconf 78' lang='grc' dir='ltr'><em>ἐστι</em></span> <span class='ocrx_word' id='word_1_122' title='bbox 893 1362 1023 1446; x_wconf 81' lang='grc' dir='ltr'><em>μέτρον.</em></span> <span class='ocrx_word' id='word_1_123' title='bbox 1050 1362 1137 1447; x_wconf 77' lang='grc' dir='ltr'><em>λέγω</em></span> 
     </span>
     <span class='ocr_line' id='line_1_13' title="bbox 119 1462 1138 1555; baseline 0.004 -24"><span class='ocrx_word' id='word_1_124' title='bbox 119 1465 177 1551; x_wconf 77' lang='grc' dir='ltr'><em>δή,</em></span> <span class='ocrx_word' id='word_1_125' title='bbox 202 1462 254 1532; x_wconf 84' lang='grc' dir='ltr'><em>ὅτι</em></span> <span class='ocrx_word' id='word_1_126' title='bbox 272 1466 328 1533; x_wconf 82' lang='grc' dir='ltr'><em>καὶ</em></span> <span class='ocrx_word' id='word_1_127' title='bbox 347 1468 510 1553; x_wconf 79' lang='grc' dir='ltr'><em>μέγιστον.</em></span> <span class='ocrx_word' id='word_1_128' title='bbox 560 1471 590 1535; x_wconf 81' lang='grc' dir='ltr'><em>εἰ</em></span> <span class='ocrx_word' id='word_1_129' title='bbox 606 1466 671 1555; x_wconf 75' lang='grc' dir='ltr'><em>γὰρ</em></span> <span class='ocrx_word' id='word_1_130' title='bbox 692 1464 852 1550; x_wconf 77' lang='grc' dir='ltr'><em>δυνατόν,</em></span> <span class='ocrx_word' id='word_1_131' title='bbox 872 1471 954 1534; x_wconf 80' lang='grc' dir='ltr'><em>ἔστω</em></span> <span class='ocrx_word' id='word_1_132' title='bbox 974 1494 1005 1533; x_wconf 92' lang='grc' dir='ltr'><em>τι</em></span> <span class='ocrx_word' id='word_1_133' title='bbox 1024 1464 1085 1534; x_wconf 82' lang='grc' dir='ltr'><em>τοῦ</em></span> <span class='ocrx_word' id='word_1_134' title='bbox 1105 1475 1138 1535; x_wconf 86' lang='lat' dir='ltr'><em>E</em></span> 
     </span>
     <span class='ocr_line' id='line_1_14' title="bbox 118 1571 1136 1661; baseline 0.001 -22"><span class='ocrx_word' id='word_1_135' title='bbox 118 1578 230 1658; x_wconf 82' lang='grc' dir='ltr'><em>μεῖζον</em></span> <span class='ocrx_word' id='word_1_136' title='bbox 254 1573 396 1659; x_wconf 76' lang='grc' dir='ltr'><em>μέγεθος</em></span> <span class='ocrx_word' id='word_1_137' title='bbox 420 1571 455 1641; x_wconf 91' lang='grc' dir='ltr'><em>τὸ</em></span> <span class='ocrx_word' id='word_1_138' title='bbox 481 1581 523 1658; x_wconf 89' lang='grc' dir='ltr'><em>Ζ,</em></span> <span class='ocrx_word' id='word_1_139' title='bbox 553 1573 608 1641; x_wconf 81' lang='grc' dir='ltr'><em>ιωιὶ</em></span> <span class='ocrx_word' id='word_1_140' title='bbox 632 1579 788 1661; x_wconf 85' lang='grc' dir='ltr'><em>μετρείτω</em></span> <span class='ocrx_word' id='word_1_141' title='bbox 812 1574 852 1640; x_wconf 83' lang='grc' dir='ltr'><em>τὰ</em></span> <span class='ocrx_word' id='word_1_142' title='bbox 875 1582 916 1658; x_wconf 87' lang='lat' dir='ltr'><em>A,</em></span> <span class='ocrx_word' id='word_1_143' title='bbox 936 1580 976 1657; x_wconf 89' lang='lat' dir='ltr'><em>B,</em></span> <span class='ocrx_word' id='word_1_144' title='bbox 996 1578 1031 1639; x_wconf 94' lang='grc' dir='ltr'><em>Γ.</em></span> <span class='ocrx_word' id='word_1_145' title='bbox 1077 1574 1136 1640; x_wconf 84' lang='grc' dir='ltr'><em>καὶ</em></span> 
     </span>
     <span class='ocr_line' id='line_1_15' title="bbox 118 1677 1138 1768; baseline 0 -21"><span class='ocrx_word' id='word_1_146' title='bbox 118 1678 188 1747; x_wconf 81' lang='grc' dir='ltr'><em>ἐπεὶ</em></span> <span class='ocrx_word' id='word_1_147' title='bbox 201 1677 239 1747; x_wconf 89' lang='grc' dir='ltr'><em>τὸ</em></span> <span class='ocrx_word' id='word_1_148' title='bbox 257 1681 337 1747; x_wconf 83' lang='grc' dir='ltr'><em>Ζτὰ</em></span> <span class='ocrx_word' id='word_1_149' title='bbox 351 1689 394 1765; x_wconf 92' lang='grc' dir='ltr'><em>Α,</em></span> <span class='ocrx_word' id='word_1_150' title='bbox 408 1687 448 1766; x_wconf 91' lang='grc' dir='ltr'><em>Β,</em></span> <span class='ocrx_word' id='word_1_151' title='bbox 462 1686 494 1748; x_wconf 91' lang='grc' dir='ltr'><strong><em>Γ</em></strong></span> <span class='ocrx_word' id='word_1_152' title='bbox 511 1693 632 1768; x_wconf 88' lang='grc' dir='ltr'><em>μετρεῖ,</em></span> <span class='ocrx_word' id='word_1_153' title='bbox 655 1679 711 1746; x_wconf 79' lang='grc' dir='ltr'><em>καὶ</em></span> <span class='ocrx_word' id='word_1_154' title='bbox 729 1681 770 1745; x_wconf 82' lang='grc' dir='ltr'><em>τὰ</em></span> <span class='ocrx_word' id='word_1_155' title='bbox 789 1688 831 1765; x_wconf 93' lang='lat' dir='ltr'><em>A,</em></span> <span class='ocrx_word' id='word_1_156' title='bbox 850 1686 879 1746; x_wconf 91' lang='grc' dir='ltr'><strong><em>Β</em></strong></span> <span class='ocrx_word' id='word_1_157' title='bbox 898 1677 964 1767; x_wconf 74' lang='grc' dir='ltr'><em>ἄρα</em></span> <span class='ocrx_word' id='word_1_158' title='bbox 982 1679 1138 1767; x_wconf 85' lang='grc' dir='ltr'><em>μετρήσει</em></span> 
     </span>
     <span class='ocr_line' id='line_1_16' title="bbox 66 1782 1136 1874; baseline 0.001 -21"><span class='ocrx_word' id='word_1_159' title='bbox 66 1804 98 1855; x_wconf 74' lang='grc'><em>11</em></span> <span class='ocrx_word' id='word_1_160' title='bbox 116 1785 172 1852; x_wconf 79' lang='grc' dir='ltr'><em>καὶ</em></span> <span class='ocrx_word' id='word_1_161' title='bbox 194 1784 232 1854; x_wconf 89' lang='grc' dir='ltr'><em>τὸ</em></span> <span class='ocrx_word' id='word_1_162' title='bbox 256 1789 324 1853; x_wconf 77' lang='grc' dir='ltr'><em>τῶν</em></span> <span class='ocrx_word' id='word_1_163' title='bbox 343 1795 386 1870; x_wconf 89' lang='grc' dir='ltr'><em>Α,</em></span> <span class='ocrx_word' id='word_1_164' title='bbox 406 1792 434 1852; x_wconf 93' lang='grc' dir='ltr'><strong><em>Β</em></strong></span> <span class='ocrx_word' id='word_1_165' title='bbox 453 1787 609 1871; x_wconf 78' lang='grc' dir='ltr'><em>μέγιστον</em></span> <span class='ocrx_word' id='word_1_166' title='bbox 629 1782 746 1853; x_wconf 86' lang='grc' dir='ltr'><em>κοινὸν</em></span> <span class='ocrx_word' id='word_1_167' title='bbox 765 1787 887 1871; x_wconf 85' lang='grc' dir='ltr'><em>μέτρον</em></span> <span class='ocrx_word' id='word_1_168' title='bbox 906 1784 1068 1874; x_wconf 88' lang='grc' dir='ltr'><em>μετρήσει.</em></span> <span class='ocrx_word' id='word_1_169' title='bbox 1097 1788 1136 1854; x_wconf 86' lang='grc' dir='ltr'><em>τὸ</em></span> 
     </span>
     <span class='ocr_line' id='line_1_17' title="bbox 118 1888 1137 1978; baseline -0.002 -18"><span class='ocrx_word' id='word_1_170' title='bbox 118 1892 155 1960; x_wconf 72' lang='grc' dir='ltr'><em>δὲ</em></span> <span class='ocrx_word' id='word_1_171' title='bbox 178 1895 246 1960; x_wconf 77' lang='grc' dir='ltr'><em>τῶν</em></span> <span class='ocrx_word' id='word_1_172' title='bbox 265 1900 307 1975; x_wconf 92' lang='lat' dir='ltr'><em>A,</em></span> <span class='ocrx_word' id='word_1_173' title='bbox 326 1898 355 1958; x_wconf 92' lang='grc' dir='ltr'><em>Β</em></span> <span class='ocrx_word' id='word_1_174' title='bbox 374 1893 531 1978; x_wconf 82' lang='grc' dir='ltr'><em>μέγιστον</em></span> <span class='ocrx_word' id='word_1_175' title='bbox 549 1888 667 1958; x_wconf 90' lang='grc' dir='ltr'><em>κοινὸν</em></span> <span class='ocrx_word' id='word_1_176' title='bbox 686 1890 808 1978; x_wconf 90' lang='grc' dir='ltr'><em>με’τρον</em></span> <span class='ocrx_word' id='word_1_177' title='bbox 827 1891 895 1959; x_wconf 79' lang='grc' dir='ltr'><em>ἐστὶ</em></span> <span class='ocrx_word' id='word_1_178' title='bbox 914 1889 951 1958; x_wconf 87' lang='grc' dir='ltr'><em>τὸ</em></span> <span class='ocrx_word' id='word_1_179' title='bbox 973 1899 1018 1958; x_wconf 91' lang='lat' dir='ltr'><em>A·</em></span> <span class='ocrx_word' id='word_1_180' title='bbox 1049 1892 1086 1958; x_wconf 87' lang='grc' dir='ltr'><em>τὸ</em></span> <span class='ocrx_word' id='word_1_181' title='bbox 1108 1898 1137 1958; x_wconf 89' lang='grc' dir='ltr'>Ζ</span> 
     </span>
    </p>
   </div>
   <div class='ocr_carea' id='block_1_3' title="bbox 63 1994 1143 2510">
    <p class='ocr_par' dir='ltr' id='par_1_4' title="bbox 63 1994 1143 2510">
     <span class='ocr_line' id='line_1_18' title="bbox 117 1994 1136 2086; baseline -0.001 -22"><span class='ocrx_word' id='word_1_182' title='bbox 117 1996 183 2082; x_wconf 68' lang='grc' dir='ltr'><em>ἄρα</em></span> <span class='ocrx_word' id='word_1_183' title='bbox 211 1998 249 2065; x_wconf 86' lang='grc' dir='ltr'><em>τὸ</em></span> <span class='ocrx_word' id='word_1_184' title='bbox 272 2003 306 2063; x_wconf 99' lang='lat' dir='ltr'><em>A</em></span> <span class='ocrx_word' id='word_1_185' title='bbox 333 2010 452 2086; x_wconf 90' lang='grc' dir='ltr'><em>μετρεῖ.</em></span> <span class='ocrx_word' id='word_1_186' title='bbox 502 2011 615 2085; x_wconf 90' lang='grc' dir='ltr'><em>μετρεῖ</em></span> <span class='ocrx_word' id='word_1_187' title='bbox 641 1996 678 2064; x_wconf 75' lang='grc' dir='ltr'><em>δὲ</em></span> <span class='ocrx_word' id='word_1_188' title='bbox 707 1996 827 2064; x_wconf 78' lang='grc' dir='ltr'><em>καὶτὸ</em></span> <span class='ocrx_word' id='word_1_189' title='bbox 860 2004 900 2066; x_wconf 92' lang='grc' dir='ltr'><em>Γ·</em></span> <span class='ocrx_word' id='word_1_190' title='bbox 946 1997 985 2065; x_wconf 88' lang='grc' dir='ltr'><em>τὸ</em></span> <span class='ocrx_word' id='word_1_191' title='bbox 1013 2004 1041 2064; x_wconf 90' lang='grc' dir='ltr'>Ζ</span> <span class='ocrx_word' id='word_1_192' title='bbox 1069 1994 1136 2083; x_wconf 76' lang='grc' dir='ltr'><em>ἄρα</em></span> 
     </span>
     <span class='ocr_line' id='line_1_19' title="bbox 116 2100 1137 2190; baseline 0 -20"><span class='ocrx_word' id='word_1_193' title='bbox 116 2102 157 2170; x_wconf 80' lang='grc' dir='ltr'><em>τὰ</em></span> <span class='ocrx_word' id='word_1_194' title='bbox 177 2108 215 2188; x_wconf 90' lang='grc' dir='ltr'><em>Γ,</em></span> <span class='ocrx_word' id='word_1_195' title='bbox 237 2113 270 2170; x_wconf 93' lang='lat' dir='ltr'><em>A</em></span> <span class='ocrx_word' id='word_1_196' title='bbox 288 2117 411 2190; x_wconf 90' lang='grc' dir='ltr'><em>μετρεῖ·</em></span> <span class='ocrx_word' id='word_1_197' title='bbox 435 2101 546 2170; x_wconf 78' lang='grc' dir='ltr'><em>καὶτὸ</em></span> <span class='ocrx_word' id='word_1_198' title='bbox 566 2106 635 2170; x_wconf 75' lang='grc' dir='ltr'><em>τῶν</em></span> <span class='ocrx_word' id='word_1_199' title='bbox 653 2109 691 2188; x_wconf 91' lang='grc' dir='ltr'><em>Γ,</em></span> <span class='ocrx_word' id='word_1_200' title='bbox 711 2110 744 2169; x_wconf 95' lang='lat' dir='ltr'><em>A</em></span> <span class='ocrx_word' id='word_1_201' title='bbox 763 2100 828 2188; x_wconf 68' lang='grc' dir='ltr'><em>ἄρα</em></span> <span class='ocrx_word' id='word_1_202' title='bbox 847 2105 1004 2189; x_wconf 79' lang='grc' dir='ltr'><em>μέγιστον</em></span> <span class='ocrx_word' id='word_1_203' title='bbox 1018 2104 1137 2171; x_wconf 87' lang='grc' dir='ltr'><em>κοινὸν</em></span> 
     </span>
     <span class='ocr_line' id='line_1_20' title="bbox 116 2207 1140 2298; baseline -0.001 -20"><span class='ocrx_word' id='word_1_204' title='bbox 116 2211 239 2297; x_wconf 82' lang='grc' dir='ltr'><em>με’τρον</em></span> <span class='ocrx_word' id='word_1_205' title='bbox 257 2209 412 2298; x_wconf 88' lang='grc' dir='ltr'><em>μετρήσει</em></span> <span class='ocrx_word' id='word_1_206' title='bbox 430 2208 467 2277; x_wconf 90' lang='grc' dir='ltr'><em>τὸ</em></span> <span class='ocrx_word' id='word_1_207' title='bbox 488 2217 525 2278; x_wconf 90' lang='grc' dir='ltr'><em>Ζ.</em></span> <span class='ocrx_word' id='word_1_208' title='bbox 566 2213 635 2277; x_wconf 80' lang='grc' dir='ltr'><em>ἔστι</em></span> <span class='ocrx_word' id='word_1_209' title='bbox 660 2208 698 2276; x_wconf 70' lang='grc' dir='ltr'><em>δὲ</em></span> <span class='ocrx_word' id='word_1_210' title='bbox 719 2208 757 2278; x_wconf 85' lang='grc' dir='ltr'><em>τὸ</em></span> <span class='ocrx_word' id='word_1_211' title='bbox 782 2217 824 2277; x_wconf 86' lang='grc' dir='ltr'><em>Β·</em></span> <span class='ocrx_word' id='word_1_212' title='bbox 856 2208 893 2278; x_wconf 88' lang='grc' dir='ltr'><em>τὸ</em></span> <span class='ocrx_word' id='word_1_213' title='bbox 915 2217 942 2276; x_wconf 92' lang='grc' dir='ltr'>Ζ</span> <span class='ocrx_word' id='word_1_214' title='bbox 962 2207 1028 2298; x_wconf 73' lang='grc' dir='ltr'><em>ἄρα</em></span> <span class='ocrx_word' id='word_1_215' title='bbox 1047 2212 1084 2277; x_wconf 88' lang='grc' dir='ltr'><em>τὸ</em></span> <span class='ocrx_word' id='word_1_216' title='bbox 1107 2217 1140 2277; x_wconf 88' lang='grc' dir='ltr'><em>Ε</em></span> 
     </span>
     <span class='ocr_line' id='line_1_21' title="bbox 63 2313 1136 2404; baseline 0.002 -21"><span class='ocrx_word' id='word_1_217' title='bbox 63 2335 98 2385; x_wconf 78' lang='lat'><em>20</em></span> <span class='ocrx_word' id='word_1_218' title='bbox 117 2315 282 2404; x_wconf 91' lang='grc' dir='ltr'><em>μετρήσει,</em></span> <span class='ocrx_word' id='word_1_219' title='bbox 306 2314 344 2384; x_wconf 83' lang='grc' dir='ltr'><em>τὸ</em></span> <span class='ocrx_word' id='word_1_220' title='bbox 368 2322 480 2404; x_wconf 84' lang='grc' dir='ltr'><em>μεῖζον</em></span> <span class='ocrx_word' id='word_1_221' title='bbox 498 2318 535 2385; x_wconf 88' lang='grc' dir='ltr'><em>τὸ</em></span> <span class='ocrx_word' id='word_1_222' title='bbox 555 2321 713 2384; x_wconf 80' lang='grc' dir='ltr'><em>ἔλασσον·</em></span> <span class='ocrx_word' id='word_1_223' title='bbox 743 2313 823 2402; x_wconf 84' lang='grc' dir='ltr'><em>ὅπερ</em></span> <span class='ocrx_word' id='word_1_224' title='bbox 843 2317 933 2384; x_wconf 79' lang='grc' dir='ltr'><em>ἐστὶν</em></span> <span class='ocrx_word' id='word_1_225' title='bbox 953 2316 1136 2385; x_wconf 78' lang='grc' dir='ltr'><em>ἀδύνατον.</em></span> 
     </span>
     <span class='ocr_line' id='line_1_22' title="bbox 117 2420 1143 2510; baseline 0 -21"><span class='ocrx_word' id='word_1_226' title='bbox 117 2421 179 2491; x_wconf 82' lang='grc' dir='ltr'><em>οὐκ</em></span> <span class='ocrx_word' id='word_1_227' title='bbox 198 2420 263 2508; x_wconf 77' lang='grc' dir='ltr'><em>ἄρα</em></span> <span class='ocrx_word' id='word_1_228' title='bbox 278 2424 390 2510; x_wconf 84' lang='grc' dir='ltr'><em>μεῖζόν</em></span> <span class='ocrx_word' id='word_1_229' title='bbox 405 2449 436 2490; x_wconf 95' lang='grc' dir='ltr'><em>τι</em></span> <span class='ocrx_word' id='word_1_230' title='bbox 451 2427 511 2491; x_wconf 82' lang='grc' dir='ltr'><em>τοῦ</em></span> <span class='ocrx_word' id='word_1_231' title='bbox 526 2431 558 2491; x_wconf 86' lang='grc' dir='ltr'><em>Β</em></span> <span class='ocrx_word' id='word_1_232' title='bbox 570 2425 734 2510; x_wconf 76' lang='grc' dir='ltr'><em>μεγέθους</em></span> <span class='ocrx_word' id='word_1_233' title='bbox 753 2425 921 2509; x_wconf 79' lang='grc' dir='ltr'><em>[μέγεθος]</em></span> <span class='ocrx_word' id='word_1_234' title='bbox 941 2420 980 2490; x_wconf 79' lang='grc' dir='ltr'><em>τὰ</em></span> <span class='ocrx_word' id='word_1_235' title='bbox 995 2431 1037 2509; x_wconf 89' lang='grc' dir='ltr'><em>Α,</em></span> <span class='ocrx_word' id='word_1_236' title='bbox 1052 2429 1091 2508; x_wconf 92' lang='grc' dir='ltr'><em>Β,</em></span> <span class='ocrx_word' id='word_1_237' title='bbox 1108 2430 1143 2490; x_wconf 92' lang='grc' dir='ltr'><em>Γ</em></span> 
     </span>
    </p>
   </div>
   <div class='ocr_carea' id='block_1_4' title="bbox 116 2527 1136 2727">
    <p class='ocr_par' dir='ltr' id='par_1_5' title="bbox 116 2527 1136 2727">
     <span class='ocr_line' id='line_1_23' title="bbox 116 2527 1136 2618; baseline 0.001 -21"><span class='ocrx_word' id='word_1_238' title='bbox 116 2543 240 2618; x_wconf 88' lang='grc' dir='ltr'><em>μετρεῖ·</em></span> <span class='ocrx_word' id='word_1_239' title='bbox 256 2528 294 2598; x_wconf 89' lang='grc' dir='ltr'><em>τὸ</em></span> <span class='ocrx_word' id='word_1_240' title='bbox 308 2537 341 2597; x_wconf 87' lang='lat' dir='ltr'><em>E</em></span> <span class='ocrx_word' id='word_1_241' title='bbox 352 2528 418 2618; x_wconf 76' lang='grc' dir='ltr'><em>ἄρα</em></span> <span class='ocrx_word' id='word_1_242' title='bbox 432 2533 500 2598; x_wconf 77' lang='grc' dir='ltr'><em>τῶν</em></span> <span class='ocrx_word' id='word_1_243' title='bbox 515 2538 556 2615; x_wconf 90' lang='lat' dir='ltr'><em>A,</em></span> <span class='ocrx_word' id='word_1_244' title='bbox 567 2537 606 2616; x_wconf 89' lang='lat' dir='ltr'><em>B,</em></span> <span class='ocrx_word' id='word_1_245' title='bbox 617 2536 649 2597; x_wconf 92' lang='grc' dir='ltr'><em>Γ</em></span> <span class='ocrx_word' id='word_1_246' title='bbox 659 2534 696 2598; x_wconf 85' lang='grc' dir='ltr'><em>τὸ</em></span> <span class='ocrx_word' id='word_1_247' title='bbox 708 2530 865 2618; x_wconf 79' lang='grc' dir='ltr'><em>μέγιστον</em></span> <span class='ocrx_word' id='word_1_248' title='bbox 879 2527 996 2597; x_wconf 82' lang='grc' dir='ltr'><em>κοινὸν</em></span> <span class='ocrx_word' id='word_1_249' title='bbox 1011 2531 1136 2616; x_wconf 89' lang='grc' dir='ltr'><em>με’τρον</em></span> 
     </span>
     <span class='ocr_line' id='line_1_24' title="bbox 116 2633 1135 2727; baseline 0.001 -25"><span class='ocrx_word' id='word_1_250' title='bbox 116 2637 217 2722; x_wconf 77' lang='grc' dir='ltr'><em>ἐστίν,</em></span> <span class='ocrx_word' id='word_1_251' title='bbox 233 2635 291 2704; x_wconf 77' lang='grc' dir='ltr'><em>ἐὰν</em></span> <span class='ocrx_word' id='word_1_252' title='bbox 306 2639 350 2724; x_wconf 87' lang='grc' dir='ltr'><em>μή</em></span> <span class='ocrx_word' id='word_1_253' title='bbox 366 2639 468 2727; x_wconf 82' lang='grc' dir='ltr'><em>μετρή</em></span> <span class='ocrx_word' id='word_1_254' title='bbox 483 2637 520 2705; x_wconf 87' lang='grc' dir='ltr'><em>τὸ</em></span> <span class='ocrx_word' id='word_1_255' title='bbox 537 2646 569 2702; x_wconf 92' lang='grc' dir='ltr'><em>Δ</em></span> <span class='ocrx_word' id='word_1_256' title='bbox 583 2637 620 2704; x_wconf 88' lang='grc' dir='ltr'><em>τὸ</em></span> <span class='ocrx_word' id='word_1_257' title='bbox 637 2641 674 2722; x_wconf 88' lang='grc' dir='ltr'><em>Γ,</em></span> <span class='ocrx_word' id='word_1_258' title='bbox 690 2637 747 2704; x_wconf 83' lang='grc' dir='ltr'><em>ἐὰν</em></span> <span class='ocrx_word' id='word_1_259' title='bbox 764 2635 801 2703; x_wconf 75' lang='grc' dir='ltr'><em>δὲ</em></span> <span class='ocrx_word' id='word_1_260' title='bbox 815 2639 916 2724; x_wconf 85' lang='grc' dir='ltr'><em>μετρή</em></span> <span class='ocrx_word' id='word_1_261' title='bbox 924 2686 934 2720; x_wconf 95' lang='grc'><em>,</em></span> <span class='ocrx_word' id='word_1_262' title='bbox 950 2633 1031 2703; x_wconf 83' lang='grc' dir='ltr'><em>αὐτὸ</em></span> <span class='ocrx_word' id='word_1_263' title='bbox 1041 2661 1079 2703; x_wconf 90' lang='grc' dir='ltr'><em>το</em></span> <span class='ocrx_word' id='word_1_264' title='bbox 1092 2644 1135 2703; x_wconf 93' lang='lat' dir='ltr'><em>A.</em></span> 
     </span>
    </p>
   </div>
   <div class='ocr_carea' id='block_1_5' title="bbox 113 2863 1134 3578">
    <p class='ocr_par' dir='ltr' id='par_1_6' title="bbox 113 2863 1134 3578">
     <span class='ocr_line' id='line_1_25' title="bbox 189 2863 1133 2938; baseline -0.001 -16"><span class='ocrx_word' id='word_1_265' title='bbox 189 2876 212 2922; x_wconf 94' lang='lat'><em>1.</em></span> <span class='ocrx_word' id='word_1_266' title='bbox 232 2863 435 2938; x_wconf 78' lang='grc' dir='ltr'><em>ὅτιπρῶτονΓ.</em></span> <span class='ocrx_word' id='word_1_267' title='bbox 484 2863 823 2938; x_wconf 75' lang='grc' dir='ltr'><em>τ.ἐσιι](ε11.)ἐστινΡ.</em></span> <span class='ocrx_word' id='word_1_268' title='bbox 876 2873 901 2920; x_wconf 83' lang='grc'><em>4.</em></span> <span class='ocrx_word' id='word_1_269' title='bbox 920 2870 1018 2934; x_wconf 83' lang='grc' dir='ltr'><em>μετρεῖ</em></span> <span class='ocrx_word' id='word_1_270' title='bbox 1028 2865 1061 2920; x_wconf 90' lang='lat' dir='ltr'><em>V.</em></span> <span class='ocrx_word' id='word_1_271' title='bbox 1108 2870 1133 2921; x_wconf 79' lang='lat'><em>5.</em></span> 
     </span>
     <span class='ocr_line' id='line_1_26' title="bbox 115 2933 1133 3008; baseline -0.001 -16"><span class='ocrx_word' id='word_1_272' title='bbox 115 2933 245 3008; x_wconf 83' lang='grc' dir='ltr'><em>μετρήσει</em></span> <span class='ocrx_word' id='word_1_273' title='bbox 264 2934 296 2994; x_wconf 88' lang='grc' dir='ltr'><em>τὸ</em></span> <span class='ocrx_word' id='word_1_274' title='bbox 317 2944 343 2993; x_wconf 90' lang='grc' dir='ltr'><em>Δ</em></span> <span class='ocrx_word' id='word_1_275' title='bbox 360 2940 390 2994; x_wconf 82' lang='lat' dir='ltr'><em>F.</em></span> <span class='ocrx_word' id='word_1_276' title='bbox 463 2938 533 2994; x_wconf 78' lang='lat' dir='ltr'>Post</span> <span class='ocrx_word' id='word_1_277' title='bbox 551 2934 620 2993; x_wconf 74' lang='grc' dir='ltr'><em>ὥστε</em></span> <span class='ocrx_word' id='word_1_278' title='bbox 644 2955 697 2993; x_wconf 84' lang='lat' dir='ltr'><strong>ras.</strong></span> <span class='ocrx_word' id='word_1_279' title='bbox 717 2944 733 2992; x_wconf 79' lang='lat'>2</span> <span class='ocrx_word' id='word_1_280' title='bbox 753 2936 808 2991; x_wconf 75' lang='lat' dir='ltr'><strong>litt.</strong></span> <span class='ocrx_word' id='word_1_281' title='bbox 829 2938 861 2994; x_wconf 89' lang='lat' dir='ltr'><em>V.</em></span> <span class='ocrx_word' id='word_1_282' title='bbox 935 2943 959 2991; x_wconf 83' lang='lat'><em>6.</em></span> <span class='ocrx_word' id='word_1_283' title='bbox 984 2944 1084 3005; x_wconf 85' lang='grc' dir='ltr'><em>μετρεῖ</em></span> <span class='ocrx_word' id='word_1_284' title='bbox 1100 2936 1133 2991; x_wconf 88' lang='lat' dir='ltr'><em>V.</em></span> 
     </span>
     <span class='ocr_line' id='line_1_27' title="bbox 152 3002 1133 3134; baseline -0.001 -70"><span class='ocrx_word' id='word_1_285' title='bbox 152 3016 174 3065; x_wconf 81' lang='grc'><em>7.</em></span> <span class='ocrx_word' id='word_1_286' title='bbox 196 3007 362 3134; x_wconf 43' lang='grc' dir='ltr'><em>ἐστίήείσίν</em></span> <span class='ocrx_word' id='word_1_287' title='bbox 380 3009 409 3065; x_wconf 92' lang='grc' dir='ltr'><em>Ρ.</em></span> <span class='ocrx_word' id='word_1_288' title='bbox 471 3002 536 3083; x_wconf 75' lang='grc' dir='ltr'><em>οὖν]</em></span> <span class='ocrx_word' id='word_1_289' title='bbox 557 3027 610 3066; x_wconf 90' lang='lat' dir='ltr'><em>om.</em></span> <span class='ocrx_word' id='word_1_290' title='bbox 629 3009 744 3063; x_wconf 83' lang='lat' dir='ltr'><strong>BFVb.</strong></span> <span class='ocrx_word' id='word_1_291' title='bbox 816 3004 862 3080; x_wconf 89' lang='grc' dir='ltr'><em>τό]</em></span> <span class='ocrx_word' id='word_1_292' title='bbox 887 3027 922 3062; x_wconf 89' lang='lat' dir='ltr'><em>m.</em></span> <span class='ocrx_word' id='word_1_293' title='bbox 942 3022 996 3061; x_wconf 80' lang='lat' dir='ltr'><strong>rec.</strong></span> <span class='ocrx_word' id='word_1_294' title='bbox 1016 3006 1046 3061; x_wconf 92' lang='lat' dir='ltr'><em>P.</em></span> <span class='ocrx_word' id='word_1_295' title='bbox 1107 3013 1133 3063; x_wconf 89' lang='lat'><em>8.</em></span> 
     </span>
     <span class='ocr_line' id='line_1_28' title="bbox 114 3078 1131 3153; baseline -0.001 -18"><span class='ocrx_word' id='word_1_296' title='bbox 114 3081 180 3152; x_wconf 81' lang='grc' dir='ltr'><strong><em>καί]</em></strong></span> <span class='ocrx_word' id='word_1_297' title='bbox 196 3099 290 3136; x_wconf 86' lang='lat' dir='ltr'><strong>om..</strong></span> <span class='ocrx_word' id='word_1_298' title='bbox 342 3079 410 3136; x_wconf 79' lang='grc' dir='ltr'><em>ἔστω</em></span> <span class='ocrx_word' id='word_1_299' title='bbox 426 3078 458 3137; x_wconf 88' lang='grc' dir='ltr'><em>τὸ</em></span> <span class='ocrx_word' id='word_1_300' title='bbox 473 3083 510 3153; x_wconf 87' lang='grc' dir='ltr'><em>Ε]</em></span> <span class='ocrx_word' id='word_1_301' title='bbox 530 3082 701 3150; x_wconf 81' lang='lat' dir='ltr'><strong>mg.m.2F.</strong></span> <span class='ocrx_word' id='word_1_302' title='bbox 755 3079 1131 3149; x_wconf 76' lang='grc' dir='ltr'><em>9.μετρεῖ-Α,Β]οω.Γ.</em></span> 
     </span>
     <span class='ocr_line' id='line_1_29' title="bbox 150 3147 1134 3224; baseline -0.005 -16"><span class='ocrx_word' id='word_1_303' title='bbox 150 3149 298 3224; x_wconf 88' lang='grc' dir='ltr'><em>μετρήσει]</em></span> <span class='ocrx_word' id='word_1_304' title='bbox 318 3159 417 3223; x_wconf 84' lang='grc' dir='ltr'><em>μετρεῖ</em></span> <span class='ocrx_word' id='word_1_305' title='bbox 430 3152 463 3207; x_wconf 92' lang='lat' dir='ltr'><em>V.</em></span> <span class='ocrx_word' id='word_1_306' title='bbox 544 3158 585 3207; x_wconf 91' lang='lat'><em>10.</em></span> <span class='ocrx_word' id='word_1_307' title='bbox 609 3147 641 3206; x_wconf 86' lang='grc' dir='ltr'><em>τὸ</em></span> <span class='ocrx_word' id='word_1_308' title='bbox 661 3155 686 3205; x_wconf 88' lang='grc' dir='ltr'><strong>Ε</strong></span> <span class='ocrx_word' id='word_1_309' title='bbox 704 3157 801 3205; x_wconf 87' lang='grc'><em>-11,</em></span> <span class='ocrx_word' id='word_1_310' title='bbox 824 3149 936 3220; x_wconf 85' lang='grc' dir='ltr'><em>μετρεῖ]</em></span> <span class='ocrx_word' id='word_1_311' title='bbox 961 3166 1014 3203; x_wconf 88' lang='lat' dir='ltr'><em>om.</em></span> <span class='ocrx_word' id='word_1_312' title='bbox 1036 3150 1134 3204; x_wconf 85' lang='lat' dir='ltr'>Theon</span> 
     </span>
     <span class='ocr_line' id='line_1_30' title="bbox 114 3219 1133 3310; baseline -0.002 -34"><span class='ocrx_word' id='word_1_313' title='bbox 114 3223 249 3292; x_wconf 84' lang='lat' dir='ltr'><strong>(BFVb).</strong></span> <span class='ocrx_word' id='word_1_314' title='bbox 325 3229 365 3278; x_wconf 90' lang='grc'><em>11.</em></span> <span class='ocrx_word' id='word_1_315' title='bbox 385 3222 486 3293; x_wconf 79' lang='grc' dir='ltr'><em>μέτρον</em></span> <span class='ocrx_word' id='word_1_316' title='bbox 506 3220 568 3279; x_wconf 79' lang='grc' dir='ltr'><em>ἐστί</em></span> <span class='ocrx_word' id='word_1_317' title='bbox 582 3224 616 3278; x_wconf 85' lang='lat' dir='ltr'><em>V.</em></span> <span class='ocrx_word' id='word_1_318' title='bbox 656 3219 730 3278; x_wconf 78' lang='grc' dir='ltr'><em>ἐστιν</em></span> <span class='ocrx_word' id='word_1_319' title='bbox 748 3224 778 3277; x_wconf 92' lang='grc' dir='ltr'><em>Ρ.</em></span> <span class='ocrx_word' id='word_1_320' title='bbox 853 3228 894 3277; x_wconf 83' lang='grc'><em>14.</em></span> <span class='ocrx_word' id='word_1_321' title='bbox 915 3221 1026 3310; x_wconf 80' lang='grc' dir='ltr'><em>μετρεῖ]</em></span> <span class='ocrx_word' id='word_1_322' title='bbox 1047 3237 1133 3291; x_wconf 75' lang='lat' dir='ltr'>supra</span> 
     </span>
     <span class='ocr_line' id='line_1_31' title="bbox 115 3291 1128 3367; baseline -0.002 -19"><span class='ocrx_word' id='word_1_323' title='bbox 115 3311 165 3349; x_wconf 77' lang='lat' dir='ltr'><strong>scr.</strong></span> <span class='ocrx_word' id='word_1_324' title='bbox 176 3295 206 3350; x_wconf 83' lang='lat' dir='ltr'><em>F.</em></span> <span class='ocrx_word' id='word_1_325' title='bbox 261 3291 330 3367; x_wconf 75' lang='grc' dir='ltr'><em>ἄρα]</em></span> <span class='ocrx_word' id='word_1_326' title='bbox 351 3295 526 3351; x_wconf 81' lang='lat' dir='ltr'><strong>om.BFVb.</strong></span> <span class='ocrx_word' id='word_1_327' title='bbox 581 3291 870 3366; x_wconf 73' lang='grc' dir='ltr'><em>15.Β]ΒᾶροιΒΒῑ).</em></span> <span class='ocrx_word' id='word_1_328' title='bbox 925 3298 966 3346; x_wconf 87' lang='grc'><em>16.</em></span> <span class='ocrx_word' id='word_1_329' title='bbox 985 3292 1128 3362; x_wconf 80' lang='grc' dir='ltr'><em>μεγιστον]</em></span> 
     </span>
     <span class='ocr_line' id='line_1_32' title="bbox 113 3361 1130 3455; baseline -0.001 -37"><span class='ocrx_word' id='word_1_330' title='bbox 113 3383 149 3420; x_wconf 93' lang='lat' dir='ltr'><em>m.</em></span> <span class='ocrx_word' id='word_1_331' title='bbox 169 3383 215 3421; x_wconf 85' lang='lat' dir='ltr'><em>rec</em></span> <span class='ocrx_word' id='word_1_332' title='bbox 234 3367 265 3422; x_wconf 94' lang='lat' dir='ltr'><em>P.</em></span> <span class='ocrx_word' id='word_1_333' title='bbox 341 3372 381 3421; x_wconf 79' lang='grc'><em>17.</em></span> <span class='ocrx_word' id='word_1_334' title='bbox 401 3367 518 3455; x_wconf 60' lang='grc' dir='ltr'><em>μετρεῖή</em></span> <span class='ocrx_word' id='word_1_335' title='bbox 538 3367 637 3438; x_wconf 83' lang='lat' dir='ltr'>(prius)</span> <span class='ocrx_word' id='word_1_336' title='bbox 662 3383 731 3421; x_wconf 81' lang='lat' dir='ltr'><strong>corr.</strong></span> <span class='ocrx_word' id='word_1_337' title='bbox 757 3383 791 3420; x_wconf 88' lang='lat' dir='ltr'><em>ex</em></span> <span class='ocrx_word' id='word_1_338' title='bbox 815 3361 945 3433; x_wconf 85' lang='grc' dir='ltr'><em>μετρήσει</em></span> <span class='ocrx_word' id='word_1_339' title='bbox 968 3382 1004 3419; x_wconf 88' lang='lat' dir='ltr'><em>m.</em></span> <span class='ocrx_word' id='word_1_340' title='bbox 1025 3380 1079 3418; x_wconf 81' lang='lat' dir='ltr'><strong>ree.</strong></span> <span class='ocrx_word' id='word_1_341' title='bbox 1098 3364 1130 3418; x_wconf 92' lang='lat' dir='ltr'><em>P.</em></span> 
     </span>
     <span class='ocr_line' id='line_1_33' title="bbox 151 3429 1131 3508; baseline -0.004 -17"><span class='ocrx_word' id='word_1_342' title='bbox 151 3443 192 3492; x_wconf 86' lang='lat'><em>18.</em></span> <span class='ocrx_word' id='word_1_343' title='bbox 211 3435 258 3508; x_wconf 78' lang='grc' dir='ltr'><em>τά]</em></span> <span class='ocrx_word' id='word_1_344' title='bbox 282 3433 314 3491; x_wconf 90' lang='grc' dir='ltr'><em>τό</em></span> <span class='ocrx_word' id='word_1_345' title='bbox 329 3438 355 3493; x_wconf 94' lang='lat' dir='ltr'><em>b.</em></span> <span class='ocrx_word' id='word_1_346' title='bbox 430 3443 470 3493; x_wconf 87' lang='grc'><em>19.</em></span> <span class='ocrx_word' id='word_1_347' title='bbox 490 3458 521 3493; x_wconf 90' lang='grc' dir='ltr'><em>το</em></span> <span class='ocrx_word' id='word_1_348' title='bbox 542 3442 571 3492; x_wconf 92' lang='grc' dir='ltr'><em>Ζ.</em></span> <span class='ocrx_word' id='word_1_349' title='bbox 599 3435 656 3492; x_wconf 79' lang='grc' dir='ltr'><em>ἐστι</em></span> <span class='ocrx_word' id='word_1_350' title='bbox 677 3437 708 3492; x_wconf 74' lang='grc' dir='ltr'><em>δὲ</em></span> <span class='ocrx_word' id='word_1_351' title='bbox 733 3433 764 3491; x_wconf 87' lang='grc' dir='ltr'><em>τὸ</em></span> <span class='ocrx_word' id='word_1_352' title='bbox 785 3436 822 3507; x_wconf 89' lang='grc' dir='ltr'><em>Ε]</em></span> <span class='ocrx_word' id='word_1_353' title='bbox 841 3454 898 3505; x_wconf 83' lang='lat' dir='ltr'><em>mg.</em></span> <span class='ocrx_word' id='word_1_354' title='bbox 912 3436 1029 3502; x_wconf 77' lang='lat' dir='ltr'><strong>m.2F;</strong></span> <span class='ocrx_word' id='word_1_355' title='bbox 1049 3429 1080 3489; x_wconf 84' lang='grc' dir='ltr'><em>τὸ</em></span> <span class='ocrx_word' id='word_1_356' title='bbox 1098 3438 1131 3487; x_wconf 87' lang='lat' dir='ltr'><em>Z·</em></span> 
     </span>
     <span class='ocr_line' id='line_1_34' title="bbox 113 3504 1132 3578; baseline -0.002 -16"><span class='ocrx_word' id='word_1_357' title='bbox 113 3504 145 3563; x_wconf 87' lang='grc' dir='ltr'><em>τὸ</em></span> <span class='ocrx_word' id='word_1_358' title='bbox 157 3508 188 3564; x_wconf 76' lang='grc' dir='ltr'><em>δὲ</em></span> <span class='ocrx_word' id='word_1_359' title='bbox 199 3510 255 3564; x_wconf 79' lang='grc' dir='ltr'><em>τῶν</em></span> <span class='ocrx_word' id='word_1_360' title='bbox 266 3512 299 3578; x_wconf 89' lang='grc' dir='ltr'><em>Γ,</em></span> <span class='ocrx_word' id='word_1_361' title='bbox 309 3516 335 3562; x_wconf 88' lang='lat' dir='ltr'><em>A</em></span> <span class='ocrx_word' id='word_1_362' title='bbox 349 3506 480 3578; x_wconf 76' lang='grc' dir='ltr'><em>μέγιστον</em></span> <span class='ocrx_word' id='word_1_363' title='bbox 489 3505 587 3564; x_wconf 84' lang='grc' dir='ltr'><em>νοινὸν</em></span> <span class='ocrx_word' id='word_1_364' title='bbox 600 3510 703 3578; x_wconf 80' lang='grc' dir='ltr'><em>μέτρον</em></span> <span class='ocrx_word' id='word_1_365' title='bbox 714 3505 771 3563; x_wconf 75' lang='grc' dir='ltr'><em>ἐστὶ</em></span> <span class='ocrx_word' id='word_1_366' title='bbox 780 3504 812 3561; x_wconf 85' lang='grc' dir='ltr'><em>τὸ</em></span> <span class='ocrx_word' id='word_1_367' title='bbox 823 3509 848 3560; x_wconf 91' lang='grc' dir='ltr'><strong>Ε</strong></span> <span class='ocrx_word' id='word_1_368' title='bbox 860 3508 892 3562; x_wconf 90' lang='lat' dir='ltr'><em>V.</em></span> <span class='ocrx_word' id='word_1_369' title='bbox 939 3511 981 3562; x_wconf 77' lang='lat'><em>20.</em></span> <span class='ocrx_word' id='word_1_370' title='bbox 993 3511 1093 3576; x_wconf 88' lang='grc' dir='ltr'><em>μετρεῖ</em></span> <span class='ocrx_word' id='word_1_371' title='bbox 1099 3505 1132 3560; x_wconf 91' lang='lat' dir='ltr'><em>V.</em></span> 
     </span>
    </p>
   </div>
   <div class='ocr_carea' id='block_1_6' title="bbox 0 0 1212 3832">
    <p class='ocr_par' dir='ltr' id='par_1_7' title="bbox 0 0 1212 3832">
     <span class='ocr_line' id='line_1_35' title="bbox 0 0 1212 3832; baseline 0 1"><span class='ocrx_word' id='word_1_372' title='bbox 0 0 1212 3832; x_wconf 95' lang='lat' dir='ltr'><em> </em></span> 
     </span>
    </p>
   </div>
  </div>
 </body>
</html>
