2414 3832
352 154 628 206 annrmuroruu
645 155 754 206 amna
771 157 805 210 x.
1042 155 1085 220 35

68 301 152 362 sunt.
184 297 294 381 itaque
313 297 411 363 etiam
430 295 477 363 Α2
496 302 529 362 et
548 295 592 362 E²
606 299 949 364 incommensurabilis
967 305 1050 364 sunt.
1058 297 1084 388 ¹)

68 424 167 488 quare
190 408 222 467 A
246 405 278 466 et
300 406 332 466 E
352 404 498 487 potentia
520 404 862 469 incommensurabiles
886 404 1003 492 sunt.²)

135 509 225 592 Ergo
249 509 326 574 data
349 511 438 572 recta
461 514 494 572 A
517 509 598 574 duae
623 510 706 574 aliae
729 510 881 574 inuentae
905 515 982 575 sunt
998 519 1040 596 A,
1054 518 1087 577 E

66 616 97 680 ei
115 615 472 698 incommensurabiles,
497 620 530 678 Δ
548 615 751 700 longitudine
770 618 907 699 tantum,
931 621 962 680 E
975 622 1083 683 autem

62 721 213 807 potentia
237 728 270 787 et
293 720 512 805 longitudine3
539 720 625 804 quod
649 726 719 785 erat
742 722 1038 788 demonstrandum.

545 898 602 962 Xl.

132 1020 165 1087 Si
192 1027 345 1108 quattuor
373 1022 614 1107 magnitudines
641 1024 902 1108 proportionales
932 1028 1020 1108 sunt,
1048 1028 1081 1091 et

62 1130 171 1214 prima
195 1129 398 1214 secundaque
421 1128 730 1194 commensurabiles
754 1135 839 1214 sunt,
863 1131 960 1196 etiam
982 1132 1080 1196 tertia

64 1240 246 1321 quartaque
260 1235 568 1300 commensurabiles
584 1239 686 1301 erunt.
711 1240 742 1301 et
757 1237 785 1301 si
804 1237 909 1321 prima
927 1238 1080 1303 secunda·

61 1365 125 1429 que
154 1342 497 1407 incommensurabiles
528 1346 618 1426 sunt,
649 1343 747 1407 etiam
776 1344 874 1408 tertia
901 1328 1080 1429 quartaque

61 1448 406 1514 incommensurabiles
432 1451 515 1513 sunt.

689 1536 852 1613 Quattuor
884 1539 1078 1621 magnitudi-

621 1664 679 1707 nes
715 1641 977 1727 proportionales
1012 1643 1079 1707 sint

64 1730 287 1781 n--.
382 1735 551 1783 ⁴¹¹-¹
624 1755 670 1834 A,
694 1754 735 1833 n,
760 1751 799 1833 Γ,
829 1754 875 1828 Δ,
902 1749 950 1813 ita
973 1752 1010 1812 ut
1034 1748 1078 1814 sit

61 1859 95 1917 A
104 1857 322 1939 :B=P:A,
350 1858 383 1920 et
408 1863 451 1938 A,
478 1860 507 1920 Β
538 1855 846 1922 commensurabiles
871 1855 945 1919 sint.
991 1853 1075 1938 dico,

59 1961 158 2024 etiam
182 1963 267 2044 Γ,Δ
291 1962 599 2027 commensurabiles
624 1984 703 2028 esse.

125 2067 212 2132 Nam
235 2069 388 2152 quoniam
412 2073 457 2153 A,
478 2072 507 2132 Β
531 2068 837 2134 commensurabiles
862 2072 950 2147 sunt,
973 2072 1028 2133 A:
1043 2073 1072 2132 Β

56 2173 219 2238 rationem
237 2174 346 2258 habet,
365 2196 464 2258 quam
481 2197 634 2240 numerus
655 2175 694 2240 ad
713 2196 884 2239 numerum
901 2176 1004 2260 [prop.
1020 2173 1074 2256 Vl.

56 2283 90 2344 et
114 2286 146 2344 A
161 2304 168 2344 ε
183 2284 211 2344 Β
227 2311 268 2334 =
284 2284 334 2347 P:
350 2288 391 2346 A.
425 2303 523 2366 quare
548 2281 647 2346 etiam
670 2285 760 2347 ΓιΔ
782 2281 942 2346 rationem
965 2280 1074 2364 habet,

54 2409 154 2471 quam
177 2409 331 2452 numerus
356 2387 397 2451 ad
419 2409 599 2456 numerum.
630 2409 707 2473 ergo
733 2388 813 2470 I'‚A
836 2407 1073 2452 commensura·

54 2493 139 2559 biles
159 2496 235 2557 sunt
259 2496 362 2578 [prop.
382 2493 453 2574 Vl].

122 2599 193 2664 Iam
223 2621 301 2664 uero
329 2605 361 2663 A
389 2603 422 2664 et
449 2604 477 2664 Β
509 2600 850 2676 incommensurabiles
882 2599 955 2663 sint.
993 2599 1073 2684 dico,

54 2704 154 2769 etiam
173 2707 211 2784 Γ,
225 2710 259 2769 Δ
276 2705 621 2772 incommensurabiles
636 2707 714 2771 fore.
738 2727 814 2770 nam
830 2705 982 2790 quoniam
992 2708 1071 2788 A,B

52 2811 398 2877 incommensurabiles
429 2817 519 2898 sunt,
547 2818 579 2877 A
596 2817 652 2876 :B
680 2812 841 2876 rationem
870 2832 937 2876 non
963 2811 1072 2895 habet,

63 1609 357 1660 Αι-----ι
385 1609 586 1660 Βι--ι

128 2986 153 3056 1)
176 2987 238 3042 Hoc
261 3003 295 3041 ex
312 3002 391 3056 prop.
409 2986 448 3040 Xl
471 2985 693 3042 concludendum
717 2987 778 3041 erat
801 2988 898 3056 (quare
919 2985 1069 3054 Gregorius

51 3073 152 3126 propp.
171 3056 197 3110 X
215 3060 244 3112 et
261 3057 300 3111 Xl
319 3059 512 3129 permutauit).
550 3058 661 3113 omnino
686 3060 749 3112 tota
771 3074 850 3127 prop.
870 3057 895 3109 X
919 3072 980 3109 curn
1000 3056 1069 3109 lem-

50 3130 128 3182 mate
146 3127 243 3182 multis
263 3128 298 3182 de
317 3127 409 3184 causis
428 3131 558 3199 suspecta
577 3131 630 3196 est,
655 3129 685 3183 et
702 3128 751 3182 uix
769 3125 950 3192 crediderim,
970 3143 1032 3180 eam
1052 3142 1069 3179 a

49 3216 137 3254 manu
156 3198 282 3254 Euclidis
301 3198 455 3269 proiectam
474 3216 544 3254 esse.

122 3273 150 3338 2)
171 3270 262 3335 Quare
282 3271 367 3326 etiam
386 3270 560 3342 longitudine
580 3272 669 3338 (prop.
689 3268 728 3321 IX
747 3268 865 3337 coroll.).

48 3429 141 3502 ἔσται]
161 3425 237 3484 ἐστιν
256 3429 337 3485 BFb.
409 3436 452 3485 23.
475 3431 515 3518 Al
535 3429 607 3498 (alt.)
625 3445 708 3499 supra
727 3446 777 3484 sor.
797 3447 834 3483 m.
856 3435 869 3482 1
889 3429 923 3486 V.
997 3425 1065 3500 ἄρα]

47 3517 134 3573 supra
153 3518 205 3556 scr.
224 3519 260 3553 m.
282 3506 295 3553 1
315 3499 345 3555 F.
419 3506 461 3555 24.
482 3500 547 3571 ουκ]
566 3517 603 3553 m.
622 3514 677 3554 reo.
696 3500 723 3556 b.

876 3588 915 3644 Ξ*
