2414 3832
389 143 664 195 mnnanroauu
681 145 790 197 urana
808 147 840 200 X.
1077 146 1119 208 47

174 307 250 350 nam
271 286 298 349 si
318 288 393 372 ΓΑ,
409 289 441 348 A
447 290 475 351 Β
489 287 832 354 incommensurabiles
847 311 913 354 non
929 293 1013 370 sunt,
1032 310 1120 376 mag-

103 392 219 458 nitudo
243 392 353 475 aliqua
378 414 432 457 eas
456 393 615 458 metietur.
665 393 835 473 metiatur,
859 395 886 459 si
909 395 979 460 fieri
1002 400 1120 481 potest,

111 535 154 585 -A
269 501 300 562 et
324 499 368 562 sit
392 502 433 564 A.
472 499 538 563 iam
562 499 715 583 quoniam
735 504 769 564 A
787 502 1026 586 magnitudines
1047 506 1119 585 ΓΑ,

181 567 228 747 In
265 608 331 669 AB
360 603 507 688 metitur,
544 605 642 669 etiam
674 605 831 689 reliquam
864 609 931 670 ΒΓ
957 607 1118 672 metietur.

265 732 379 776 uerum
403 711 501 775 etiam
524 716 590 776 AB
613 713 755 777 metitur.
788 717 822 777 A
840 712 942 797 igitur
959 717 1038 797 AB,
1057 716 1124 778 ΒΓ

264 820 407 885 metitur.
431 818 540 903 itaque
552 822 585 881 A
589 822 627 902 B,
637 822 704 884 ΒΓ
713 819 1020 885 commensurabiles
1032 823 1118 886 sunt.

264 925 493 1009 supposuimus
505 929 623 1009 autem,
638 925 766 990 easdem
775 918 1117 990 incommensurabiles

264 1053 347 1117 esse,
363 1031 449 1114 quod
464 1030 535 1095 fieri
548 1052 614 1095 non
629 1036 747 1114 potest.
769 1033 877 1114 itaque
888 1032 980 1096 nulla
994 1031 1118 1116 magni-

261 1138 341 1204 tudo
365 1140 443 1221 ΓΑ,
461 1141 526 1202 ΑΒ
546 1138 706 1204 metietur.
737 1159 813 1224 ergo
829 1142 901 1222 FA,
915 1142 980 1202 AB
994 1139 1116 1204 incom-

262 1244 497 1310 mensurabiles
512 1247 614 1310 erunt.
644 1246 794 1309 similiter
813 1246 1116 1330 demonstrabimus,

97 1351 200 1416 etiam
217 1353 313 1433 ἈΓ,
344 1352 402 1414 ΓΒ
435 1350 779 1415 incommensurabiles
812 1371 891 1416 esse.
941 1372 1017 1437 ergo
1051 1355 1121 1417 ΑΓ

97 1457 230 1539 utrique
253 1462 285 1519 A
292 1460 329 1540 B,
351 1456 416 1521 ΒΓ
434 1455 772 1521 incommensurabilis
797 1459 856 1520 cst.

174 1559 246 1624 lam
265 1582 342 1625 uero
360 1565 427 1626 ΑΓ
439 1563 589 1626 alterutri
603 1564 678 1645 AB,
701 1564 763 1625 ΒΓ
777 1561 1114 1628 incommensurabilis
1186 1545 1191 1557 ⁴

102 1667 157 1731 sit.
186 1667 230 1730 sit
243 1667 332 1750 prius
347 1667 564 1752 magnitudini
578 1673 610 1732 A
617 1672 645 1733 Β
658 1667 1006 1732 incommensurabilis.
1034 1668 1115 1755 dieo,

73 1857 80 1863 ,
103 1772 200 1837 etiam
222 1777 296 1858 AB,
318 1777 385 1840 ΒΓ
403 1774 748 1839 incommensurabiles
772 1794 850 1838 esse.
880 1795 957 1838 nam
982 1774 1010 1838 si
1028 1795 1114 1838 com·

100 1881 336 1946 mensurabiles
369 1883 459 1962 sunt,
491 1879 683 1965 magnitudo
717 1880 826 1965 aliqua
863 1901 916 1944 eas
954 1879 1114 1946 metietur.

128 926 152 974 Β

108 1209 157 1260 Τ

98 1987 253 2051 metiatur
273 1990 306 2050 et
329 1987 373 2051 sit
392 1993 433 2050 A.
465 1986 530 2051 iam
555 1987 707 2070 quoniam
727 1991 760 2051 Δ
778 1986 1020 2074 magnitudines
1039 1992 1114 2072 AB,

97 2095 165 2158 ΒΓ
183 2095 329 2177 metitur,
352 2093 450 2158 etiam
473 2096 579 2179 totum
604 2094 670 2157 ΑΓ
689 2091 851 2158 metietur.
880 2115 994 2158 nerum
1014 2095 1113 2159 etiam

96 2203 164 2264 AB
187 2200 330 2264 metitur.
367 2203 400 2263 Δ
422 2199 524 2282 igitur
545 2202 619 2283 ΓΑ,
642 2202 706 2263 ΑΒ
730 2199 873 2264 metitur.
904 2200 1014 2285 itaque
1037 2203 1112 2283 ΓΑ,

95 2311 129 2370 A
135 2310 164 2368 B
174 2304 483 2370 commensurabiles
499 2309 582 2370 sunt.
606 2306 834 2389 supposuimus
850 2310 968 2385 autem,
982 2307 1112 2371 easdem

94 2412 443 2478 incommensurabiles
468 2434 552 2495 esse,
580 2413 664 2496 quod
683 2413 752 2476 fieri
770 2434 837 2477 non
856 2416 973 2496 potest.
1004 2414 1111 2496 itaque

93 2518 189 2582 nulla
211 2519 402 2604 magnitudo
426 2523 506 2603 AB,
528 2522 595 2582 ΒΓ
614 2519 774 2583 metietur.
814 2519 924 2602 itaque
947 2522 1027 2603 AB,
1049 2521 1115 2582 ΒΓ

93 2625 444 2690 incommensurabiles
469 2628 553 2690 sunt.

163 2730 254 2816 Ergo
279 2732 307 2795 si
330 2731 411 2796 duae
434 2731 685 2818 magnitudines,
710 2734 743 2795 et
767 2752 849 2814 quae
873 2735 1058 2814 sequuntur.

523 2908 682 2973 Lemma.

165 3029 199 3096 Si
213 3035 321 3097 rectae
336 3032 431 3096 alicui
447 3033 790 3118 parallelogrammum
809 3032 991 3116 adplicatur
1003 3031 1109 3116 figura

93 3136 256 3224 quadrata
275 3138 436 3224 deficiens,
456 3139 653 3223 adplicatum
674 3139 814 3222 spatium
834 3138 1023 3223 rectangulo
1039 3161 1108 3222 par-

91 3247 177 3311 tium
200 3249 307 3310 rectae
332 3246 473 3330 adplicat
473 3247 622 3312 ionet
572 3251 622 3311 ort
624 3267 715 3310 arum
739 3245 874 3329 aequale
898 3249 955 3309 est.

128 3425 172 3476 23.
192 3417 370 3507 τετραγώνῳ]
394 3436 463 3476 corr.
484 3439 517 3476 ex
536 3415 814 3494 παραλληλογράμμῳ
833 3438 869 3475 m
888 3436 942 3477 rec
963 3420 989 3476 b.
1063 3418 1106 3492 τό]

88 3487 178 3547 roiF.
251 3487 283 3546 τὸ
302 3475 499 3567 παραβληθέν]
519 3509 572 3548 om
592 3491 617 3546 b.
