2414 3832
380 182 654 236 maurinorum
672 185 781 237 umas
798 187 831 239 x.
1047 185 1111 251 187

164 323 254 411 Ergo
283 328 361 391 ΔΗ
385 348 424 391 ex
452 326 578 393 duobus
605 327 792 393 nominibus
819 329 925 414 prima
953 334 1003 396 est
1026 331 1113 412 [deff.

99 431 154 496 alt
180 433 228 517 1];
249 432 337 518 quod
360 436 430 498 orat
453 432 749 501 demonstrandum.

567 627 649 695 LXI.

163 749 367 827 Quadratum
389 754 497 816 reotae
521 774 560 817 ex
583 753 707 818 duabus
726 753 841 818 mediis
860 754 984 838 primae
1002 758 1111 819 rectae

98 857 249 923 rationali
289 856 490 941 adplicatum
532 859 737 925 latitudinem
775 859 876 927 efficit
912 863 1036 926 rectam
1072 881 1111 924 ex

98 962 222 1028 duobus
245 962 431 1028 nominibus
456 965 639 1032 secundam.

84 1154 88 1162 Ι
162 1068 213 1134 Sit
235 1074 301 1134 AB
328 1073 419 1135 reeta
451 1092 489 1134 ex
522 1071 647 1137 duabus
680 1071 794 1137 mediis
826 1073 932 1156 prima
959 1073 994 1138 in
1021 1076 1054 1138 Γ
1075 1074 1111 1138 in

101 1176 219 1240 medias
243 1176 361 1259 diuisa,
385 1198 521 1259 quarum
546 1178 650 1243 maior
673 1179 717 1244 sit
740 1182 820 1262 ΑΓ,
843 1182 877 1243 et
898 1182 1040 1265 ponatur
1062 1202 1111 1244 ra-

109 1301 133 1350 Δ
236 1299 311 1350 ΚΜ
352 1300 385 1351 Ν
429 1302 459 1351 Η
496 1284 629 1349 tionalis
648 1289 726 1369 ΔΕ,
747 1289 905 1352 etreotae
925 1285 1111 1370 AEadpli·

251 1379 255 1571 τ
291 1380 296 1479 l
497 1396 587 1454 oetur
608 1390 767 1474 quadrato
787 1391 867 1457 213²
887 1393 1021 1478 aequale
1039 1415 1110 1476 par·

292 1484 294 1568 l
498 1498 778 1581 allelogrammum
811 1501 876 1561 ΔΖ
905 1498 1110 1563 latitudinem

107 1582 130 1634 Ε
238 1586 300 1638 ΘΛ
354 1586 382 1642 Ξ
435 1587 456 1636 Ζ
498 1603 637 1667 efficiens
658 1606 737 1667 AH.
775 1601 856 1683 dico,
880 1606 957 1667 ΛΗ
977 1623 1015 1665 ex
1034 1602 1110 1667 duo-

146 1688 413 1779 rl—'s‘b
495 1709 556 1773 bus
578 1707 765 1773 nominibus
789 1706 962 1772 secundam
982 1730 1061 1773 esse.

160 1837 236 1880 uam
247 1821 474 1903 comparentur
484 1817 605 1900 eadem,
620 1838 702 1901 quae
716 1816 750 1880 in
759 1815 866 1900 priore
876 1815 1109 1900 propositione.

99 1924 128 1986 et
156 1923 309 2007 quoniam
340 1928 408 1989 AB
436 1945 474 1988 ex
502 1923 626 1987 duabus
654 1923 769 1988 mediis
797 1922 902 2007 prima
934 1926 985 1988 est
1015 1921 1049 1986 in
1081 1925 1114 1987 Γ

97 2025 213 2112 diuisa,
245 2031 326 2112 ΑΓ,
348 2032 410 2094 ΓΒ
439 2028 563 2094 mediae
592 2031 669 2092 sunt
696 2029 844 2112 potentia
870 2033 1000 2095 tantum
1024 2050 1109 2093 com·

96 2134 327 2199 mensurabiles
343 2135 484 2219 spatium
503 2135 662 2199 rationale
681 2135 987 2218 comprehendentes
1003 2138 1109 2221 [prop.

96 2237 277 2322 XXXVII}
315 2262 414 2325 quare
437 2240 536 2303 etiam
560 2238 654 2321 Al'2,
677 2238 752 2305 ΓΒ2
775 2241 881 2306 media
905 2245 980 2306 sunt
1004 2245 1108 2327 [prop.

94 2343 196 2429 XXIJ.
231 2347 341 2429 itaque
357 2351 427 2410 ΔΛ
445 2345 589 2410 medium
608 2352 666 2410 est.
695 2350 728 2411 et
745 2351 852 2412 rectae
870 2348 1023 2412 rationali
1041 2352 1111 2412 ΔΕ

95 2452 293 2537 adplicatum
321 2455 379 2519 est.
425 2452 535 2537 itaque
558 2456 637 2516 MA
664 2452 836 2517 rationalis
864 2457 915 2516 est
942 2458 975 2518 et
1001 2455 1108 2518 restae

95 2562 164 2622 ΔΕ
175 2558 377 2644 longitudine
386 2558 725 2623 incommensurabilis
741 2560 846 2642 [prop.
855 2557 973 2640 XXII].
995 2581 1107 2626 rursus

95 2664 248 2748 quoniam
262 2665 411 2733 2ΑΓ><
421 2665 483 2728 ΓΒ
497 2663 659 2728 rationale
674 2666 732 2742 est,
751 2663 848 2728 etiam
863 2667 935 2728 ΜΖ
950 2666 1107 2730 rationale

96 2772 153 2834 est
197 2773 230 2834 et
252 2772 358 2834 rectae
385 2769 542 2834 rationali
564 2773 641 2833 ΜΛ
668 2769 865 2853 adplicatum
888 2772 946 2835 est.
995 2771 1107 2855 itaque

94 2874 194 2941 etiam
222 2879 305 2941 MH
328 2875 499 2940 rationalis
530 2878 580 2939 est
607 2878 640 2939 et
666 2879 774 2940 rectae
801 2880 877 2940 ΜΛ
904 2875 1107 2961 longitudine

92 2981 397 3047 oommensurabilis
413 2983 518 3064 [prop.
532 2979 618 3066 XX]‚
632 2981 693 3047 hoo
708 2984 757 3046 est
771 2986 877 3047 rectae
892 2985 968 3047 ΔΕ.
996 2982 1106 3066 itaque

94 3091 181 3169 ΔΜ,
205 3091 289 3152 ΜΗ
307 3087 512 3172 longitudine
534 3088 877 3153 incommensurabiles
901 3091 978 3152 sunt
1002 3090 1106 3174 [prop.

91 3191 198 3276 XIH].
236 3198 269 3257 et
287 3198 365 3259 sunt
382 3193 568 3258 rationales.
606 3194 714 3278 itaque
730 3197 816 3277 ΛΜ,
831 3197 910 3258 ΜΗ
928 3194 1105 3260 rationales

92 3302 169 3364 sunt
191 3301 341 3384 potantia
363 3304 493 3366 tantum
516 3299 833 3364 commensurabiles.
874 3319 952 3384 ergo
972 3304 1047 3365 ΔΗ
1068 3322 1107 3366 ex

90 3405 216 3471 duobus
238 3405 425 3472 nominibus
449 3409 499 3470 est
524 3409 629 3490 [prop.
651 3402 817 3488 XXXVI}
