2414 3832
375 144 648 197 mensurentur
666 147 774 198 umus
792 148 825 200 n.
1066 146 1108 210 17

162 287 253 375 Ergo
277 289 360 353 datis
384 289 490 354 tribus
508 288 789 374 magnitudinibus
808 292 1109 356 commensurabili·

94 398 157 462 bus
180 396 324 461 maxima
347 416 498 461 mensura
521 395 701 460 communis
723 396 857 461 inuenta
881 399 939 462 est

469 551 736 618 Corollarium.

161 661 249 725 Hinc
271 658 481 724 manifestum
505 662 569 742 est,
593 659 621 724 si
645 659 835 745 magnitudo
858 663 924 725 tres
948 663 1109 747 magnitu-

92 769 187 834 dines
222 767 369 849 metitur‚
406 764 540 830 eandem
573 765 747 831 maximam
770 787 891 832 earum
925 789 1108 833 mensuram

92 895 298 940 communem
321 872 438 936 metiri.

163 979 232 1044 Iam
256 978 409 1044 similiter
432 977 532 1042 etiam
555 976 589 1040 in
612 977 759 1062 pluribus
784 979 927 1044 maxima
955 1002 1109 1045 mensura

93 1084 276 1151 communis
300 1086 457 1167 sumetur,
486 1087 519 1147 et
546 1083 751 1148 corollarium
776 1106 903 1169 quoque
925 1086 1109 1171 progredie-

93 1195 158 1256 tur.
172 1227 216 1238 -
231 1190 318 1275 quod
342 1192 412 1254 eret
435 1188 729 1254 demonstrandum.

579 1365 620 1431 V.

163 1491 406 1574 Magnitudines
436 1490 743 1555 commensurabiles
769 1491 856 1555 inter
883 1513 918 1556 se
948 1495 1108 1558 rationem

95 1594 229 1678 habent,
253 1616 349 1678 quam
370 1618 523 1661 numerus
548 1594 788 1659 adnumerum.

165 1699 237 1765 Sint
260 1701 498 1786 magnitudines
518 1700 825 1766 commensurabiles
844 1705 884 1783 A,
899 1705 936 1764 B.
974 1701 1056 1786 dico,
1075 1709 1108 1768 A

97 1808 137 1872 ad
160 1811 188 1871 B
211 1809 371 1873 rationem
394 1809 523 1892 habere,
549 1830 646 1892 quam
668 1807 789 1873 habeat
810 1828 963 1872 numerus
987 1808 1028 1872 ad
1051 1829 1107 1873 nu·

92 1937 228 1980 merum.

163 2019 248 2085 Nam
271 2021 426 2104 quoniam
444 2024 525 2103 A,B
546 2020 851 2085 commensurabiles
876 2027 961 2105 sunt,
984 2022 1107 2107 magni·

93 2126 174 2191 tudo
193 2127 303 2211 aliqua
321 2147 376 2191 eas
395 2127 556 2192 metietur.
589 2126 743 2191 metiatur
757 2129 790 2190 et
805 2127 848 2190 sit
862 2128 897 2191 Γ.
930 2131 963 2190 et
979 2128 1106 2210 quoties

94 2235 128 2296 Γ
142 2231 404 2318 magnitudinem
427 2238 459 2296 A
482 2233 628 2315 metitur,
656 2232 791 2297 totidem
816 2231 959 2296 unitates
984 2233 1051 2296 sint
1074 2233 1108 2296 in

94 2343 138 2420 A,
158 2339 284 2423 quoties
304 2342 413 2402 autem
431 2340 464 2403 Γ
478 2338 737 2424 magnitudinem
756 2342 784 2402 B
804 2338 947 2422 metitur,
970 2337 1106 2402 totidem

92 2444 237 2510 unitates
262 2444 385 2509 sintin
407 2448 446 2509 E.

104 2579 107 2584 ·
157 2550 224 2615 iam
243 2550 397 2633 qnoniam
412 2552 444 2613 Γ
453 2549 711 2636 magnitudinem
725 2556 757 2614 A
772 2548 946 2614 secundum
965 2549 1107 2613 unitates

91 2656 223 2720 numeri
247 2660 281 2719 A
303 2657 449 2740 metitur,
475 2656 654 2720 sedetiam
675 2657 784 2721 unitas
808 2675 978 2719 numerum
1003 2658 1036 2717 A
1060 2675 1107 2717 se·

161 2800 184 2848 A
345 2799 367 2848 B
468 2798 495 2848 P
550 2763 689 2828 cundum
712 2761 853 2827 unitates
878 2761 945 2825 eius
968 2760 1109 2844 metitur,

93 2864 247 2902 ¹“¹‘''‘⁴
300 2865 402 2902 '‘'“'
455 2865 509 2902 Η
549 2868 659 2932 unitas
672 2890 840 2933 numerum
856 2872 890 2931 A
903 2866 1108 2950 etI'magni·

131 2953 227 2990 Η
240 2942 265 2990 A
549 2974 695 3040 tudinem
714 2980 746 3038 A
767 2973 945 3059 aequaliter
967 2973 1108 3036 metitur.

131 3046 233 3096 ¹-OE
549 3081 659 3164 itaque
696 3083 728 3144 Γ
743 3087 798 3145 :A
822 3080 981 3143 =12A
1027 3076 1109 3157 [VII

95 3185 155 3250 def.
170 3186 242 3266 20].
275 3207 292 3250 e
312 3188 473 3252 contrario
492 3187 594 3272 igitur
613 3186 666 3269 [V,
685 3187 703 3249 7
724 3186 847 3264 coroll]
867 3190 899 3248 A
910 3187 1007 3248 :r=
1019 3190 1068 3247 A:
1080 3185 1108 3247 1.

94 3313 206 3356 rursus
239 3293 392 3376 quoniam
425 3295 457 3356 Γ
483 3292 741 3379 magnitudinem
773 3295 802 3356 Β
830 3289 1006 3355 secundum
1039 3290 1109 3355 uni·

166 3465 200 3521 V.
218 3464 378 3520 Alexander
394 3464 519 3536 Aphrod.
538 3466 568 3519 in
587 3414 667 3520 Andl.
686 3483 728 3537 pr.
747 3464 796 3521 fol.
815 3470 859 3520 87.

147 3563 299 3616 Euclides,
313 3564 363 3604 edd.
376 3564 478 3614 Helberg
493 3564 618 3614 senlenge.
645 3565 690 3604 111.
935 3559 958 3606 ἢ.
