2414 3832
374 122 649 174 ELEMENTORUM
666 124 775 175 LIBER
792 125 827 178 X.
1064 121 1108 186 69

94 263 255 330 surebiles
275 268 351 329 sunt
375 266 480 349 [prop.
494 263 565 346 XI].
588 288 701 330 uerum
721 270 790 330 EA
807 266 976 331 rationalis
1000 271 1051 331 est
1075 271 1108 332 et

96 374 205 436 rectae
215 373 286 435 AF
295 370 499 456 longitudine
513 370 861 436 incommensurabilis.
884 371 994 456 itaque
1008 372 1107 439 etiarn

93 481 162 542 ΔΖ
183 475 356 542 rationalis
384 480 436 541 est
464 476 542 557 [def.
563 477 600 557 3]
626 480 659 543 et
681 481 788 542 rectae
812 482 845 540 A
852 479 884 541 Γ
902 478 1108 562 longitudine

91 580 432 648 incommensurabilis
457 583 563 666 [prop.
581 580 687 663 Xlll].
711 582 821 667 itaque
837 584 915 664 ΓΔ,
929 587 964 646 Δ
969 587 996 648 Ζ
1009 585 1108 651 ratio·

91 690 185 755 nales
215 691 291 753 sunt
321 687 470 771 potentia
498 690 628 752 tantum
657 689 976 755 commensurabiles.
1021 694 1108 756 recta

91 799 203 862 eutem
222 794 382 879 quadrata
400 793 545 878 aequalis
564 793 674 878 spatio
692 794 789 863 rectis
810 796 958 879 potentia
977 800 1109 862 tentum

92 900 439 968 commensurabilibus
455 899 688 982 comprehenso
704 900 809 965 media
823 904 873 967 est
887 904 992 986 [prop.
1006 901 1107 983 XXI].

91 1009 206 1092 itaque
224 1010 314 1072 recta
333 1005 493 1090 quadrata
511 1004 619 1090 spatio
635 1007 825 1074 ΓΛ><ΔΖ
839 1008 984 1091 aequalis
1003 1008 1110 1073 media

63 1110 152 1178 'est
184 1118 217 1178 et
240 1097 563 1201 n²=r21><4nl
584 1131 663 1196 ergo
687 1115 715 1176 B
738 1112 845 1179 media
869 1117 927 1179 est.

467 1285 740 1355 Corollarium.

164 1411 250 1477 Hinc
265 1411 475 1478 manifestum
490 1415 549 1490 est,
568 1412 710 1495 spatium
727 1414 834 1498 spatio
851 1413 956 1479 medio
976 1415 1110 1501 aequale

98 1517 241 1581 medium
260 1539 338 1583 esse.
346 1515 372 1606 ¹)

352 1614 357 1623 ’
522 1622 684 1688 Lemma.

142 1809 144 1812 .
169 1746 390 1833 Congruenter
405 1747 456 1829 iis,
470 1768 552 1831 quae
567 1746 605 1810 de
620 1746 834 1811 rationalibus
850 1745 987 1810 diximus
1006 1749 1111 1832 [prop.

99 1853 214 1919 XVIH
228 1855 363 1935 coroll.],
382 1844 481 1918 etiam
495 1853 531 1918 in
544 1853 660 1919 mediis
675 1852 829 1937 sequitur,
847 1857 968 1918 rectam
987 1851 1112 1918 mediae

97 1960 304 2046 longitudine
330 1959 656 2025 commensurabilem
685 1959 825 2025 mediam
854 1958 965 2024 uocari
993 1959 1023 2023 ei
1046 1980 1113 2024 non

96 2067 195 2132 modo
209 2051 423 2151 longitudine,
438 2065 604 2130 sedetiam
618 2049 767 2150 potentia
779 2066 1113 2150 commensurabilem,

95 2173 250 2258 quoniam
278 2172 412 2237 omnino
439 2175 548 2236 rectae
578 2170 781 2256 longitudine
805 2171 1113 2237 commensurabiles

95 2301 224 2364 semper
260 2279 359 2344 ctiam
400 2278 550 2362 potentie
586 2278 895 2344 commensurabiles
933 2281 1016 2342 sunt.
1063 2278 1113 2342 sin

99 2390 190 2450 recta
214 2384 339 2448 mediae
362 2383 509 2469 potentia
532 2383 835 2449 commensurabilis
859 2387 922 2467 est,
950 2383 978 2447 si
1002 2383 1113 2448 eadem
1167 2443 1170 2451 .

95 2490 300 2573 longitudine
319 2494 370 2554 est
389 2489 701 2573 commensurabilis,
725 2490 772 2554 sic
791 2511 918 2574 quoque
936 2489 1062 2554 mediae
1081 2494 1114 2554 ct

96 2597 304 2682 longitudine
322 2596 535 2680 potentiaque
549 2595 857 2662 commensurabiles
872 2599 1042 2678 uocantur,
1062 2595 1114 2659 sin

96 2702 248 2787 potentia
270 2705 412 2787 tantum,
439 2701 565 2766 mediae
588 2701 737 2785 potentie
758 2704 886 2766 tantum
915 2710 1113 2766 commensu-

96 2808 219 2875 rabiles
238 2811 406 2872 uocantur.

97 3033 151 3088 diti
171 2964 197 3032 1)
216 2962 370 3030 Sequentia
387 2961 436 3018 lin.
458 2969 571 3018 12-14
590 2963 709 3018 obscura
733 2964 798 3018 sunt
821 2967 850 3020 et
868 2964 927 3018 sine
947 2961 1031 3017 dubio
1051 2963 1113 3018 sub·

151 3050 196 3089 ua.

97 3175 156 3232 PB.
230 3180 273 3230 20.
294 3172 443 3245 εἰμέν-
463 3179 505 3229 21.
526 3172 558 3228 el
578 3175 711 3246 δυνάμηι]
732 3193 786 3232 om
805 3175 864 3243 Νη
884 3177 949 3264 post
962 3171 1017 3244 σύμ
1070 3194 1115 3244 por

109 3251 198 3302 min
218 3259 252 3304 eu
265 3245 331 3302 hab
338 3195 510 3371 V(pnnctis
530 3244 593 3312 del,
600 3246 677 3301 add.
695 3241 848 3315 τὸδὲὲξη
816 3241 936 3316 §proin
954 3193 1114 3315 apollinis

98 3248 358 3401 1βιβλίιμικῖἕτῲ
360 3318 462 3386 φεοίου
481 3315 530 3372 acl
549 3286 716 3385 ἐπαηθηῗ)
737 3317 880 3386 ethg.
900 3336 936 3374 m.
956 3317 1115 3386 2(add.1n

97 3371 281 3515 Ifillpefppoo).
295 3456 388 3526 Seql
360 3337 535 3527 tssmpldlpovg
548 3386 648 3527 (ἔξω)
671 3386 726 3442 del.
746 3405 782 3440 m
802 3392 817 3440 2
838 3389 868 3444 B.
951 3320 1113 3459 σύμμετροι]
1176 3340 1192 3527 ⁴
