2414 3832
344 155 617 205 nammnnonum
634 156 743 206 muna
761 158 794 208 x.
1008 154 1073 220 287

59 297 285 383 prehenditur,
317 300 407 361 recta
439 297 547 380 spatio
580 298 727 382 aequalis
760 299 918 382 quadrata
950 300 1075 364 mediae

62 407 214 489 apotome
239 406 289 467 est
313 402 461 467 secunda.

88 516 92 523 '
129 508 277 594 Spatium
301 509 386 572 enim
405 512 470 573 AB
495 513 584 573 recta
607 509 761 574 rationali
781 512 850 574 ΑΓ
871 513 904 573 et
923 515 1075 594 apotome

62 616 162 680 tertia
185 619 255 680 ΑΔ
278 613 579 699 comprehendatur.
626 615 712 693 dico,
734 619 857 680 rectam
880 616 986 699 spatio
1010 621 1076 681 AB

61 721 228 807 aequalem
251 720 442 806 quadratam
466 719 590 785 mediae
609 725 784 805 apotomen
803 743 874 787 esse
894 723 1076 787 secundam.

128 850 204 892 nam
231 830 308 893 ΔΗ
325 829 434 891 rectae
457 831 529 891 ΛΔ
557 847 738 912 congruens
767 829 819 893 sit.
864 829 974 912 itaque
997 833 1075 912 AH,

58 938 133 998 HA
152 933 332 999 rationales
352 937 428 998 sunt
446 934 595 1018 potentia
612 937 742 999 tantum
761 935 1076 1018 commensurabiles,

85 1078 107 1127 A
266 1077 292 1125 A
359 1075 385 1125 Ε
422 1076 443 1125 Z
482 1112 511 1162 Η
543 1044 575 1105 et
592 1043 708 1105 neutra
725 1044 886 1106 rectarum
905 1045 985 1125 ΑΗ,
1002 1044 1076 1105 ΗΛ

541 1147 697 1212 rationali
716 1147 904 1231 propositae
923 1150 991 1212 ΑΓ
1006 1147 1075 1211 lon·

426 1145 430 1354 ι
544 1253 689 1339 gitudine
705 1253 1006 1318 commensurabilis
1017 1255 1077 1337 est,

264 1362 286 1408 Β
359 1357 384 1410 Θ
420 1362 438 1409 1
481 1324 509 1375 K
543 1364 615 1424 tota
629 1365 737 1424 autem
754 1363 830 1422 AH
843 1363 1076 1445 congruentem

542 1469 621 1529 ΔΗ
639 1464 763 1529 excedit
786 1465 944 1548 quadrato
968 1469 1076 1530 rectae

543 1571 607 1635 sibi
643 1570 946 1636 commensurabilis
985 1570 1076 1652 [deff.

424 1687 455 1719 Η
542 1681 616 1742 tert.
630 1677 674 1758 3].
703 1677 857 1760 quoniam
872 1675 974 1761 igitur
987 1673 1077 1741 ΑΗ2

543 1782 667 1848 excedit
681 1779 772 1848 ΛΗ8
791 1783 949 1867 quadrato
968 1787 1075 1847 rectae

543 1887 1076 1972 sibicommanem-chilianum

313 1963 339 2013 T
403 1990 438 2044 Μ
543 1996 678 2079 aequale
692 1999 799 2061 rectae
813 1998 884 2059 ΑΗ
895 1994 1077 2078 adplicatur

60 2107 202 2188 spatium
229 2106 335 2190 figura
358 2103 517 2187 quadrata
540 2101 704 2184 deficiens,
727 2102 761 2165 in
783 2105 893 2185 partes
917 2122 1076 2166 commen·

63 2210 223 2274 surabiles
247 2232 319 2274 eam
344 2208 468 2273 diuidet
497 2211 605 2292 [prop.
629 2206 754 2287 XVII}
799 2206 866 2271 iam
890 2212 966 2271 ΔΗ
989 2209 1023 2272 in
1047 2213 1078 2272 E

62 2313 98 2376 in
130 2313 209 2379 duas
236 2319 347 2399 partes
376 2315 527 2399 aequales
561 2316 699 2397 secetur,
733 2318 767 2378 et
798 2313 956 2398 quadrato
989 2312 1076 2378 ΕΗ1ιί

63 2420 198 2503 aequale
216 2425 324 2486 rectae
342 2426 419 2487 ΑΗ
433 2420 614 2505 adplicetur
632 2421 774 2504 spatium
793 2421 899 2504 figura
917 2420 1076 2504 quadrata

60 2525 225 2610 deficiens,
253 2529 286 2591 et
309 2526 353 2592 sit
374 2531 440 2592 ΑΖ
456 2543 499 2595 ><
514 2530 590 2592 ΖΗ.
635 2530 668 2590 et
690 2549 748 2612 per
769 2530 892 2611 puncta
915 2529 954 2607 Ε,
980 2530 1017 2608 Ζ,
1041 2530 1082 2590 Η

58 2635 167 2696 rectae
190 2635 260 2696 ΛΓ
277 2633 455 2716 parallelae
481 2633 641 2698 ducantur
664 2636 736 2714 ΕΘ,
762 2635 824 2714 ΖΙ,
848 2635 929 2697 ΗΚ.
963 2632 1075 2717 itaque

58 2743 135 2820 ΑΖ,
156 2741 228 2801 ΖΗ
246 2739 552 2804 commensurabiles
572 2743 657 2804 sunt.
694 2760 793 2822 quare
816 2743 884 2821 ΑΙ,
905 2741 971 2802 ΖΚ
990 2759 1074 2803 com·

58 2843 292 2908 mensurabilia
312 2848 387 2908 sunt
406 2843 529 2929 [V1,1;
552 2866 644 2928 prop.
657 2843 729 2924 XI].
771 2848 804 2908 et
821 2844 974 2928 quoniam
997 2850 1029 2907 A
1036 2848 1074 2928 Z,

60 2953 132 3013 ΖΗ
164 2947 368 3034 longitudine
405 2949 711 3014 commensurabiles
749 2953 837 3033 sunt,
874 2951 971 3016 etiam
1003 2955 1080 3015 AH

57 3056 185 3140 utrique
201 3061 232 3119 A
238 3059 274 3138 Z,
285 3058 357 3118 ΖΗ
368 3055 572 3140 longitudine
586 3057 886 3121 commensurabilis
902 3062 952 3121 est
970 3060 1074 3141 [prop.

58 3160 145 3242 XV].
192 3183 305 3225 uerum
328 3166 402 3226 AH
427 3162 597 3227 rationalis
625 3168 675 3227 est
699 3166 732 3228 et
755 3166 861 3227 rectae
884 3166 954 3227 ΑΓ
972 3165 1075 3247 longi-

59 3267 172 3332 tudine
186 3268 529 3333 incommensurabilis.
560 3290 658 3353 quare
674 3270 771 3334 etiam
791 3275 823 3332 A
830 3274 867 3351 Z,
883 3273 955 3333 ΖΗ
970 3272 1074 3355 [prop.
1174 3278 1191 3409 ⁴

58 3371 164 3454 XHI].
209 3375 319 3460 itaque
343 3379 515 3460 utrumque
539 3378 611 3457 AI,
635 3380 702 3440 ΖΚ
727 3375 873 3440 medium
893 3380 950 3438 est
965 3378 1089 3454 Rarus.

58 3476 145 3558 XX].
190 3503 299 3546 rursus
324 3481 478 3566 quoniam
503 3486 584 3572 ΔΕ,
610 3486 681 3548 ΕΗ
699 3481 928 3568 longitudine
944 3488 1123 3539 eumaem·
