2414 3832
367 166 641 218 mnnanroauu
658 168 767 218 urana
785 168 818 218 x,
1033 161 1096 227 281

84 312 223 378 tionales
243 314 319 375 sunt
336 309 485 395 potentia
504 312 632 373 tantum
653 309 971 374 commensurabiles.
1001 330 1100 393 quare

87 422 162 482 AN
182 420 333 502 apotome
358 419 407 481 est
431 419 535 501 [prop.
550 413 717 496 LXXIIH.
759 423 790 480 et
813 414 971 499 quadrata
994 415 1100 499 spatio

86 528 151 589 AB
181 528 231 588 est
259 523 412 607 aequalis.
463 522 574 606 itaque
606 524 696 586 recta
727 521 833 605 spatio
862 525 928 585 AB
956 523 1101 605 aequalis

90 630 249 715 quadrata
272 632 424 713 apotome
448 631 506 693 est.

151 734 242 820 Ergo
271 736 300 799 si
328 735 470 819 spatium
500 733 785 819 comprehenditur
813 736 903 798 recta
934 731 1101 817 rationali,

90 846 123 908 et
145 864 228 927 quae
252 844 439 925 sequuntur.

545 1032 645 1100 XOII.

154 1160 188 1224 Si
205 1159 348 1244 spatium
362 1165 450 1225 recta
465 1158 619 1224 rationali
639 1163 672 1223 et
692 1162 844 1241 apotome
863 1157 1004 1224 secunda
1018 1179 1104 1222 com-

87 1265 258 1351 prehendit
260 1288 312 1350 ur,
346 1269 435 1330 recta
467 1267 574 1349 spatio
607 1265 753 1349 aequalis
787 1264 947 1350 quadrata
911 1264 1104 1329 tmediae

89 1375 242 1455 apotome
266 1373 317 1434 est
339 1371 454 1454 prima.

156 1474 305 1559 Spatium
329 1475 416 1539 enim
434 1480 500 1541 AB
525 1480 615 1541 reeta
636 1477 790 1542 rationali
808 1481 877 1542 ΑΓ
896 1481 929 1541 et
952 1480 1106 1562 apotome

93 1581 232 1645 secunda
246 1587 278 1646 A
284 1585 318 1644 A
332 1582 636 1664 comprehendatur.
672 1582 753 1662 dico,
772 1587 895 1649 rectam
914 1584 1020 1666 spatio
1038 1586 1105 1646 AB

90 1688 258 1772 aequalem
282 1686 476 1772 quadratam
499 1687 624 1753 mediae
648 1692 823 1772 apotomen
845 1689 985 1773 primam
1009 1710 1088 1754 esse.

155 1816 232 1858 narn
256 1796 332 1857 ΔΗ
356 1781 465 1859 rectae
489 1799 560 1859 ΑΔ
588 1815 768 1880 congruens
793 1795 845 1859 sit.
890 1794 1000 1879 itaque
1024 1798 1105 1877 AH,

90 1905 163 1965 HA
186 1900 362 1967 rationales
387 1903 463 1965 sunt
484 1902 633 1985 potentia
649 1905 779 1967 tantum
797 1902 1106 1967 commensurabiles

294 2027 320 2076 Δ
389 2024 414 2075 Ε
450 2025 472 2075 Ζ
513 2061 542 2111 H
574 2011 680 2092 [prop.
694 2007 859 2089 LXXHH,
878 2012 911 2073 et
925 2029 1106 2093 congruens

574 2119 608 2178 Δ
614 2117 653 2180 Η
666 2114 823 2179 rationali
840 2115 1028 2199 propositae
1043 2116 1112 2180 ΑΓ

101 2096 131 2321 lt
293 2311 316 2360 B
403 2094 407 2304 l
457 2094 461 2304 l
512 2273 540 2324 Κ
574 2221 874 2393 ἶοωωῗὲιταῦἰίἰὲ
890 2225 948 2391 εἴα,
966 2224 1038 2286 tota
1052 2242 1108 2392 alut

589 2349 642 2392 ern
786 2350 850 2413 qua
873 2349 946 2392 raa
983 2348 1093 2393 excer

574 2437 807 2520 congruentem
839 2438 913 2497 HA
947 2433 1107 2518 quadrato

194 2432 223 2484 A
407 2431 432 2482 0

191 2489 446 2652 Z-sjjffl&
573 2544 682 2605 rectae
715 2540 779 2605 sibi
806 2539 1107 2604 commensurabilis

326 2619 349 2677 ⁴
573 2647 777 2732 longitudine
793 2646 1019 2726 [cenarem.
1041 2646 1109 2710 iam

226 2616 320 2847 r
351 2614 413 2854 Ι
575 2752 728 2837 quoniam
753 2749 841 2816 AH²
869 2751 995 2816 excedit
1022 2749 1108 2814 HA²

190 2837 219 2890 p
339 2861 365 2914 Τ
419 2819 456 2878 Μ
575 2859 732 2944 quadrato
745 2863 852 2924 rectae
868 2858 932 2924 sibi
946 2878 1109 2923 commen-

96 2969 258 3052 surabilis,
268 2965 416 3052 silsHA²
427 2967 561 3052 aequale
571 2969 678 3030 rectae
689 2969 760 3030 AH
771 2965 952 3049 adplicatur
966 2963 1108 3047 spatium

93 3074 199 3159 figura
227 3074 387 3158 quadrata
418 3073 583 3157 deficiens,
611 3073 645 3137 in
667 3075 776 3155 partes
801 3069 1108 3136 commensurabiles

93 3201 165 3244 earn
189 3179 305 3244 diuidit
331 3181 434 3263 [prop.
456 3171 598 3259 XV11].'
623 3179 690 3242 iam
714 3179 791 3241 ΔΗ
815 3177 849 3240 in
872 3179 993 3260 puncto
1016 3180 1048 3239 E
1073 3176 1109 3239 in

93 3285 172 3350 duas
187 3289 296 3368 partes
313 3285 465 3372 aequales
480 3289 616 3350 secetur.
654 3305 671 3348 e
672 3281 859 3366 tquadrato
874 3285 946 3346 ΕΗ
948 3280 960 3318 ²
975 3282 1109 3366 aequale

94 3463 131 3497 τω
110 3443 178 3497 sib.
252 3449 295 3499 20
303 3443 389 3534 ΑΗ]
413 3447 444 3497 Η
460 3440 619 3499 θοοπηῗ
692 3446 742 3498 Ἃ.
765 3441 859 3495 beabat
871 3437 986 3492 'blason
996 3430 1157 3534 wanbx}

97 3497 169 3568 nen
188 3512 250 3567 aaa
268 3511 408 3584 panau
466 3520 512 3574 aa
533 3515 616 3590 An]
635 3531 746 3573 econ
757 3532 802 3570 m
813 3508 897 3566 su
950 3487 1175 3565 Ensffi
