2414 3832
130 169 195 234 388
545 170 733 220 APPENDIX.

129 308 476 398 παραλληλόγραμμον
498 320 544 401 τῷ
565 316 627 376 ΒΖ
649 307 995 397 παραλληλογράμμῳ,
1019 308 1148 376 ἔστιδὲ

130 412 220 508 αὐτῷ
253 417 308 483 καὶ
341 415 542 502 ίσογοίνιον,
579 418 647 482 τῶν
681 415 718 482 δὲ
751 422 835 483 ίσων
864 415 919 481 καὶ
953 417 1148 500 ἰσογωνίων

129 522 486 610 παραλληλογράμμων
500 520 789 590 ἀντιπεπόνθασιν
804 523 842 587 αί
853 520 992 607 πλευραί
1012 523 1051 586 αἱ
1071 522 1148 603 περὶ

129 628 188 709 τὰς
210 637 285 709 ίσας
307 635 441 716 γωνίας,
465 626 635 714 ἀνάλογον
659 626 725 715 α’ρα
750 629 842 695 ἐστὶν
864 624 909 706 ὡς
931 623 950 694 ὁ
973 633 1039 693 ΑΒ
1064 624 1148 713 πρὸς

94 760 110 809 5
130 734 190 803 τὸν
210 741 282 821 ΓΔ,
306 734 412 816 οὕτως
435 733 453 804 ὁ
472 741 538 803 ΓΕ
559 734 643 821 πρὸς
660 733 721 802 τὸν
741 741 817 801 ΑΖ*
843 732 923 820 ὅπερ
943 737 1011 800 ἔδει
1030 734 1147 813 δείξαι.

615 882 664 944 10.

459 984 512 1050 Ad
527 987 600 1052 libr.
613 986 643 1050 X
662 1009 752 1070 prop.
768 985 819 1050 29.

439 1095 583 1176 Λῆμμα
611 1092 669 1168 είς
695 1086 737 1155 τὸ
765 1088 840 1157 κθ’.

199 1213 275 1281 Δύο
299 1212 456 1299 ἀριθμῶν
480 1215 656 1281 δοθέντων
678 1213 735 1280 καὶ
758 1209 894 1291 εὐθείας
912 1213 991 1280 δέον
1009 1214 1149 1297 ποιησαι

132 1317 177 1398 ὡς
198 1318 259 1386 τὸν
281 1316 430 1405 ἀριθμὸν
453 1317 536 1407 πρὸς
552 1317 618 1397 Ιτὸν
638 1316 798 1408 ἀριθμόν,
824 1317 930 1399 οὕτως
947 1317 985 1386 τὸ
1004 1314 1069 1384 ἀπὸ
1089 1320 1150 1402 της

131 1421 268 1504 εὐθείας
291 1423 502 1512 τετράγωνον
525 1423 610 1514 πρὸς
627 1423 664 1493 τὸ
688 1421 745 1493 ἄπ’
770 1423 873 1512 ἄλλης
895 1424 995 1504 τινός.

79 1556 113 1604 10
188 1528 365 1599 Ἔστωσαν
384 1535 419 1599 οί
436 1533 595 1612 δοθέντες
614 1531 677 1600 δύο
697 1530 839 1621 ἀριθμοὶ
858 1535 894 1598 οί
910 1541 952 1615 Α,
966 1539 1006 1616 Β,
1030 1527 1149 1599 εὐθεῖα

133 1635 213 1722 (1ὲὴ
238 1644 280 1723 Γ,
313 1638 369 1705 καὶ
398 1639 477 1705 δίον
501 1640 569 1706 ἐστὶ
597 1643 736 1724 ποιησαι
758 1637 795 1705 τὸ
816 1643 1046 1726 προκείμενον.
1092 1661 1150 1703 πε-

131 1742 288 1830 ποιήσθω
312 1742 376 1831 γὰρ
400 1742 444 1823 ὡς
467 1742 485 1812 ὁ
510 1756 542 1812 Α
565 1743 648 1832 πρὸς
674 1743 734 1812 τὸν
757 1752 801 1829 Β,
829 1742 849 1831 ἡ
873 1749 906 1811 Γ
924 1741 1042 1812 εὐθεῖα
1064 1741 1151 1826 πρὸς

132 1852 237 1936 ἄλλην
269 1849 345 1918 τινὰ
376 1848 439 1936 τὴν
473 1860 520 1937 Δ,
558 1852 613 1919 καὶ
646 1851 800 1938 εἰλήφθω
832 1854 901 1918 τῶν
933 1857 976 1936 Γ,
999 1858 1033 1915 Δ
1065 1850 1149 1935 με’ση

133 1953 303 2042 ἀνάλογον
328 1953 347 2041 ἡ
372 1963 409 2023 Ε.
456 1958 525 2024 ἐπεὶ
550 1949 613 2025 οὖν
637 1961 727 2025 ἐστιν
751 1955 796 2037 ὡς
819 1955 837 2025 ὃ
861 1967 892 2024 A
919 1956 1002 2044 πρὸς
1023 1954 1085 2023 τὸν
1110 1962 1150 2043 Β,

81 2058 154 2146 ιεὴ
178 2066 210 2127 Γ
229 2058 347 2128 εὐθεῖα
370 2061 453 2149 πρὸς
474 2061 537 2148 τὴν
560 2071 608 2148 Δ,
641 2061 714 2130 ἀλλ’
741 2061 786 2144 ὡς
813 2061 834 2151 ἡ
859 2070 891 2131 Γ
915 2058 999 2150 πρὸς
1020 2061 1083 2149 τὴν
1109 2070 1150 2148 Δ,

132 2164 170 2233 τὸ
194 2163 259 2233 ἀπὸ
284 2169 342 2252 τῆς
365 2173 397 2234 Γ
415 2165 499 2254 πρὸς
520 2167 558 2236 τὸ
581 2169 647 2237 ἀπὸ
665 2174 724 2256 τῆς
743 2178 786 2254 Ε,
811 2166 856 2249 ὥς
878 2169 944 2254 ἄρα
968 2165 985 2234 ὁ
1011 2177 1043 2236 Α
1065 2167 1152 2256 πρὸς

132 2270 194 2338 τὸν
213 2279 252 2357 Β,
274 2269 311 2340 τὸ
335 2270 399 2341 ἀπὸ
424 2278 483 2360 τῆς
501 2280 533 2342 Γ
551 2273 635 2362 πρὸς
657 2274 694 2343 τὸ
715 2273 780 2342 ἀπὸ
798 2279 857 2362 τῆς
874 2281 906 2340 Ε
926 2273 1151 2362 τετράγωνον.

617 2422 668 2484 11.

465 2525 516 2590 Ad
531 2527 602 2592 libr.
616 2524 647 2588 X
664 2548 756 2611 prop.
771 2527 823 2592 31.

450 2636 591 2716 Λῆμμα
619 2634 675 2709 είς
702 2629 744 2697 τὸ
773 2634 840 2697 λα’.

197 2747 276 2818 Ἐὰν
304 2743 366 2818 οἷσι
395 2750 458 2819 δύο
487 2751 619 2820 εὐθεῖαι
647 2755 683 2822 ἐν
712 2753 801 2844 λόγῳ
829 2760 912 2837 τινί,
945 2758 1035 2820 ἔσται
1060 2751 1150 2840 ὡςη

81 2881 115 2930 20
135 2858 253 2925 εὐθεῖα
271 2855 354 2946 πρὸς
371 2857 433 2944 τὴν
453 2854 603 2944 εὐθεῖαν,
628 2857 734 2940 οὕτως
751 2858 789 2928 τὸ
809 2858 875 2928 ὑπὸ
894 2864 962 2928 τῶν
981 2858 1047 2928 δύο
1066 2859 1152 2948 πρὸς

134 2962 172 3030 τὸ
195 2961 261 3030 ἀπὸ
285 2967 344 3048 τῆς
367 2967 546 3051 ἐλαχίστης.

191 3067 366 3137 Ἔστωσαν
385 3069 427 3157 δὴ
448 3069 510 3139 δύο
530 3069 661 3138 εὐθεῖαι
680 3075 717 3138 αί
732 3079 809 3158 ΑΒ,
824 3078 889 3140 ΒΓ
904 3074 941 3140 ἐν
959 3073 1049 3162 λόγῳ
1068 3079 1151 3142 τινί

136 3176 236 3262 λέγω,
263 3174 313 3243 ὅτι
341 3176 431 3245 ἐστὶν
459 3175 504 3257 ὡς
530 3175 551 3262 ἡ
580 3185 645 3244 AB
672 3177 755 3263 πρὸς
781 3177 843 3265 τὴν
871 3184 946 3266 ΒΓ,
978 3176 1085 3258 οὕτως
1112 3178 1150 3247 τὸ

179 3317 338 3445 921οὲ4Ροῑμί
355 3335 434 3388 prop.
451 3317 542 3372 XXIX
560 3337 588 3389 p.
603 3325 646 3388 88,
663 3325 695 3374 18
714 3320 747 3375 V.
822 3325 863 3375 11.
883 3319 951 3376 Post
963 3337 1044 3390 prop.
1059 3321 1152 3376 XXXI

125 3405 155 3454 p.
211 3432 220 3459 ,
324 3433 331 3445 .

123 3479 347 3494 ’‘Q—-

188 3520 215 3567 4,
238 3517 308 3591 AB]
330 3536 346 3576 e
365 3535 441 3578 corr.
461 3519 500 3576 V.
