2414 3832
118 190 183 255 378
535 193 722 245 APPENDIX.

118 338 240 420 μετρεῖ·
264 331 303 401 τά
324 343 365 421 A,
386 340 414 401 B
437 331 503 422 ἄρα
522 332 690 422 σύμμετρά
709 335 810 419 ἐστιν,
833 337 892 399 καί
908 334 1002 400 ἐστιν
1021 332 1135 402 αὐτῶν

117 437 234 506 κοινὸν
257 441 379 528 μέτρον
403 439 439 508 τὸ
464 446 504 506 Ε·
534 437 614 528 ὅπερ
639 443 707 507 ἔδει
731 441 844 520 δεῖξαι.

611 621 640 685 3.

443 725 492 790 Ad
516 727 588 791 libr.
613 725 643 789 X
667 748 757 810 prop.
780 725 809 789 9.

482 827 628 909 ’Ἁλλως
650 827 692 897 τὸ
716 828 764 896 θ’.

182 933 270 1004 Ἐπεὶ
294 934 357 1024 γάρ
382 935 568 1023 σύμμετρός
592 938 681 1004 ἐστιν
705 933 725 1022 ἡ
749 944 781 1003 A
804 938 843 1024 τῇ
863 943 903 1017 Β,
927 933 1032 1023 λόγον
1058 942 1135 1024 ἔχει,

81 1039 158 1113 σὸν
182 1040 326 1129 ἀριθμὸς
348 1042 431 1129 πρὸς
453 1042 611 1128 ἀριθμόν.
658 1043 770 1129 ἐχέτω,
799 1039 840 1110 ὃν
864 1038 882 1109 6
907 1047 939 1109 Γ
968 1048 1053 1134 πρὸς
1075 1047 1136 1117 τὸν

118 1157 160 1229 A,
178 1149 234 1215 καὶ
254 1146 271 1215 6
288 1154 319 1215 Γ
333 1146 453 1215 ἑαυτὸν
473 1148 534 1232 μὲν
552 1148 844 1228 πολλαπλασιάσας
862 1146 922 1218 τὸν
936 1157 969 1217 Ε
985 1160 1135 1240 ποιείτω,

118 1253 136 1322 6
162 1254 199 1322 δὲ
223 1260 254 1321 Γ
277 1253 336 1321 τὸν
361 1262 393 1320 A
420 1255 712 1334 πολλαπλασιάσας
734 1254 795 1323 τὸν
819 1263 846 1322 Ζ
873 1263 1022 1345 ποιείτω,
1053 1258 1071 1328 6
1097 1262 1135 1329 δὲ

119 1367 150 1426 A
179 1358 299 1427 ἑαυτὸν
326 1360 618 1439 πολλαπλασιάσας
640 1359 700 1429 τὸν
723 1367 763 1428 Η
780 1366 924 1431 ποιείτω.
974 1365 1044 1432 ἐπεὶ
1070 1359 1135 1435 οὖν

117 1463 135 1534 6
160 1472 191 1533 Γ
219 1465 340 1534 ἑαυτὸν
372 1466 433 1554 μὲν
466 1470 758 1547 πολλαπλασιάσας
789 1468 850 1536 τὸν
879 1476 910 1536 Ε
940 1477 1134 1560 πεποίηκεν,

68 1594 100 1644 10
119 1577 179 1641 τὸν
199 1574 236 1641 δὲ
252 1583 285 1641 A
303 1575 595 1654 πολλαπλασιάσας
613 1576 673 1642 τὸν
693 1582 720 1641 Ζ
743 1579 933 1661 πεποίηκεν,
957 1581 1050 1646 ἔστιν
1069 1579 1136 1666 ἄρα

117 1678 162 1759 ὡς
186 1678 202 1748 6
232 1687 261 1747 Γ
279 1680 361 1768 πρὸς
384 1680 443 1748 τὸν
468 1690 513 1763 A,
537 1683 707 1749 τουτέστιν
732 1670 819 1768 ὡςὴ
845 1692 877 1750 A
899 1681 983 1770 πρὸς
1005 1682 1070 1768 τὴν
1095 1693 1134 1769 Β,

119 1787 251 1871 [οὕτως]
278 1787 295 1853 6
321 1794 351 1853 Ε
372 1785 454 1874 πρὸς
477 1788 537 1855 τὸν
557 1795 593 1857 Ζ.
630 1785 702 1856 ἀλλ’
730 1789 775 1868 ὡς
798 1785 817 1875 ἡ
843 1799 874 1856 Α
897 1788 981 1877 πρὸς
1004 1789 1068 1877 τὴν
1094 1799 1134 1875 Β,

117 1891 222 1971 οὕτως
244 1892 281 1959 τὸ
306 1890 371 1959 άπὸ
395 1903 453 1979 τῆς
476 1902 508 1960 A
531 1891 614 1980 πρὸς
631 1897 674 1960 τὸ
703 1892 768 1960 ὑπὸ
798 1899 867 1962 τῶν
890 1904 935 1979 A,
959 1904 1001 1965 Β·
1041 1903 1135 1966 ἔστιν

117 1998 182 2085 ἄρα
206 1997 250 2078 ὡς
273 1998 309 2065 τὸ
335 1997 400 2065 ἀπὸ
419 2003 477 2085 τῆς
501 2007 533 2065 A
555 1998 639 2082 πρὸς
661 2001 708 2066 τὸ·
723 2001 789 2068 ὑπὸ
811 2003 879 2068 τῶν
903 2011 945 2086 A,
960 2009 1000 2089 B,
1025 2003 1136 2086 οὕτως

64 2102 134 2174 156
165 2112 195 2171 Ε
220 2107 303 2190 πρὸς
331 2102 391 2170 τὸν
420 2107 455 2172 Ζ.
504 2104 620 2188 πάλιν,
652 2106 720 2172 ἐπεὶ
750 2109 767 2173 ὁ
799 2113 830 2172 A
858 2106 979 2176 ἑαυτὸν
1007 2118 1134 2179 πολλα-

116 2212 300 2289 πλασιάσας
326 2208 387 2278 τὸν
410 2216 450 2277 Η
473 2217 666 2299 πεποίηκεν,
700 2210 717 2280 ὁ
747 2213 785 2280 δὲ
812 2218 845 2280 Γ
867 2212 926 2282 τὸν
951 2222 984 2282 A
1010 2225 1134 2286 πολλα-

118 2318 301 2396 πλασιάσας
323 2320 383 2385 τὸν
408 2325 435 2384 Ζ
458 2323 652 2404 πεποίηκεν,
683 2323 773 2386 ἔστιν
796 2315 861 2406 άρα
885 2317 929 2399 ὡς
953 2317 971 2387 6
998 2326 1029 2387 Γ
1047 2322 1134 2409 πρὸς

116 2423 176 2492 τὸν
202 2431 246 2510 A,
278 2424 448 2492 τουτέστιν
476 2425 520 2504 ὡς
548 2425 569 2511 ἡ
594 2434 625 2491 Α
655 2422 737 2511 πρὸς
765 2423 827 2511 τὴν
851 2433 894 2511 Β,
929 2424 1036 2506 οὕτως
1061 2428 1080 2496 ὁ
1107 2437 1133 2496 Ζ

116 2532 199 2613 πρὸς
227 2530 286 2599 τὸν
314 2537 357 2599 Η
403 2527 476 2599 ἄλλ’
503 2528 547 2608 ὡς
574 2527 594 2617 ἡ
620 2540 651 2597 A
678 2532 760 2618 πρὸς
786 2533 849 2618 τὴν
878 2538 921 2617 B,
956 2528 1064 2613 οὕτως
1093 2538 1130 2604 τὸ

63 2656 98 2706 20
117 2634 182 2704 ὑπὸ
210 2641 277 2705 τῶν
301 2645 344 2722 A,
368 2645 395 2705 B
419 2637 502 2723 πρὸς
524 2636 561 2704 τὸ
585 2634 650 2704 άπὸ
674 2641 733 2723 τῆς
756 2645 797 2704 Β·
826 2642 916 2705 ἔστιν
938 2636 1004 2726 ἄρα
1028 2639 1074 2721 ὡς
1093 2642 1131 2711 τά

115 2741 180 2812 ὑπὸ
204 2749 272 2813 τῶν
296 2756 337 2828 A,
361 2752 389 2812 B
417 2743 501 2829 πρὸς
523 2747 560 2810 τὸ
580 2743 645 2811 άπὸ
669 2748 728 2830 τῆς
751 2751 794 2826 B,
824 2743 930 2824 οὕτως
953 2742 970 2814 6
997 2752 1024 2811 Ζ
1046 2748 1132 2834 πρὸς

119 2850 180 2919 τὸν
194 2856 236 2918 Η.
274 2848 346 2919 ἀλλ’
365 2848 410 2931 ὡς
427 2850 464 2918 τὸ
485 2849 549 2917 άπὸ
570 2853 627 2936 τῆς
647 2859 679 2916 A
696 2848 779 2936 πρὸς
801 2850 838 2919 τὸ
858 2849 923 2919 ὑπὸ
943 2862 1011 2921 τῶν
1031 2861 1075 2939 A,
1091 2862 1130 2940 B,

119 2955 224 3036 οὕτως
247 2949 290 3043 ἦν
315 2955 332 3026 6
356 2965 388 3024 Ε
409 2957 492 3045 πρὸς
514 2956 575 3025 τὸν
600 2964 639 3024 Ζ·
678 2954 722 3047 δι’
744 2965 822 3025 λ’σου
844 2955 910 3046 ἄρα
934 2954 979 3039 ὡς
1001 2961 1039 3029 τὸ
1063 2959 1129 3031 άπὸ

117 3073 174 3149 τῆς
198 3071 230 3130 A
256 3062 339 3152 πρὸς
361 3062 399 3132 τὸ
424 3060 488 3130 άπὸ
514 3074 573 3151 τῆς
596 3071 640 3150 Β,
669 3061 776 3144 οὕτως
799 3059 816 3132 6
840 3071 872 3132 Ε
897 3063 980 3151 πρὸς
1002 3068 1063 3136 τὸν
1087 3075 1130 3138 Η.

65 3187 99 3238 25
119 3171 243 3238 ἔστιδὲ
267 3168 419 3257 ἑκάτερος
440 3173 509 3238 τῶν
530 3177 568 3254 Ε,
588 3177 628 3238 Η
645 3168 864 3257 τετράγωνος·
888 3169 906 3238 6
930 3171 992 3259 μὲν
1015 3174 1080 3260 γὰρ
1101 3185 1132 3243 Ε

116 3291 329 3299 ——.—---·

187 3336 211 3386 3.
232 3332 298 3385 Post
316 3325 441 3400 ἀριθμόν
459 3348 486 3398 p.
506 3335 549 3398 32,
569 3336 585 3384 3
604 3328 716 3399 BFVb,
737 3348 792 3400 mg.
812 3349 848 3386 m.
870 3335 883 3383 1
904 3331 934 3385 P.

174 3480 197 3531 1.
220 3471 316 3551 ἐστιν]
331 3472 434 3548 (prius)
450 3467 512 3530 ἔστι
524 3473 592 3543 BV,
610 3491 701 3543 comp.
711 3471 772 3525 R.
822 3478 853 3524 α,
865 3468 940 3537 ‘1'an
951 3469 1011 3554 ἔστι
1023 3476 1114 3554 &egam

86 3558 181 3618 comp.
201 3549 262 3622 ΕΡ,
283 3567 343 3609 om.
363 3547 457 3606 BVb.
524 3553 549 3606 8.
570 3541 606 3604 τὸ
625 3544 680 3617 θᾚ
696 3560 754 3600 om.
767 3540 806 3596 Β.
865 3545 895 3592 ἱ).
911 3542 936 3590 Γ
954 3556 1026 3603 um
1039 3558 1089 3590 wa
1108 3549 1129 3592 Δ
