2414 3832
337 104 350 130 ¹
376 131 653 184 nunnnrroaun
671 133 780 186 nisse
797 135 831 187 x.
1068 132 1111 199 53

94 275 238 360 reliquae
248 275 527 360 ZAlongitudine
542 276 844 341 commensurabilis
861 280 920 342 est.
945 299 1022 364 crgo
1033 277 1112 344 Bs³

96 382 222 447 excedit
244 379 290 445 Α2
313 381 473 466 quadrato
496 386 603 448 rectae
628 383 692 448 sibi
716 383 1029 449 commensurabilis.

161 488 232 554 Iam
250 509 327 553 uero
343 486 423 553 BI'2
442 488 575 554 excedat
587 487 633 552 Α2
648 489 806 573 quadrato
820 493 929 555 rectae
944 490 1007 554 sibi
1026 511 1112 556 com-

91 594 336 677 mensurabilis,
368 599 402 659 et
433 598 568 680 quartae
599 596 687 678 parti
719 594 871 679 quadrati
897 600 930 658 A
935 592 948 631 ²
977 596 1111 679 aequale

90 704 202 767 rectae
220 704 287 766 ΒΓ
297 700 479 785 adplicetur
492 701 635 785 spatium
649 700 757 786 figura
776 700 936 786 quadrata
950 701 1112 785 deficiens,

91 816 127 873 et
153 809 198 873 sit
221 812 290 872 BA
304 824 347 876 ><
363 813 397 873 Δ
403 811 435 872 Γ
459 809 502 888 [u.
526 808 668 888 lemma}
706 806 1005 890 demonstrandum,
1029 810 1112 890 BA,

92 917 166 980 ΔΓ
185 914 389 1000 longitudine
412 913 721 990 commensurabiles
744 933 824 978 esse.

162 1042 240 1084 nam
263 1019 378 1085 iisdem
403 1020 599 1103 comparatis
628 1019 782 1085 similiter
806 1019 1114 1103 demonstrabimus,

92 1148 166 1192 esse
181 1123 311 1191 BP²=
322 1122 518 1208 All-211².
537 1129 566 1190 Β
572 1124 617 1190 1¹²
631 1129 740 1191 autem
757 1125 915 1210 quadrato
929 1133 1036 1191 rectae
1050 1126 1114 1190 sibi

93 1231 399 1299 commensurabilis
414 1231 540 1297 excedit
552 1232 744 1316 quadratum
759 1229 813 1296 Αἵ.
837 1233 947 1315 itaque
960 1235 1031 1316 ΒΓ,
1044 1236 1114 1296 ΖΔ

91 1339 302 1426 longitudine
316 1338 623 1404 commensurabiles
638 1344 721 1404 sunt.
746 1360 847 1423 quare
865 1342 932 1404 ΒΓ
946 1341 1046 1404 etiam
1065 1360 1113 1402 re-

94 1447 204 1530 liquae
214 1448 276 1509 ΒΖ
289 1445 329 1524 -Ι-
341 1443 620 1530 APlongitudinc
630 1444 934 1508 commensurabilis
944 1448 995 1508 est
1009 1447 1113 1528 [prop.

93 1550 181 1632 XV].
208 1572 320 1616 uerum
339 1549 402 1615 ΒΖ
412 1553 452 1632 †
466 1555 500 1615 Δ
504 1552 536 1614 Γ
546 1553 652 1614 rectae
668 1553 738 1614 ΔΓ
749 1549 1049 1614 commensurabilis
1064 1555 1115 1613 est

97 1659 204 1738 [prop.
216 1656 287 1738 VH.
313 1679 412 1742 quare
432 1656 531 1721 ctiam
549 1659 624 1739 BP,
643 1658 713 1721 ΓΔ
730 1654 934 1740 longitudine
953 1676 1114 1719 commen·

103 1759 262 1827 surabiles
295 1767 372 1827 sunt
401 1765 505 1846 [prop.
530 1760 618 1842 XII].
668 1763 780 1847 itaque
810 1760 909 1828 etiam
935 1759 1113 1826 dirimendo

95 1871 175 1952 ΒΔ,
198 1872 268 1934 ΔΓ
285 1869 492 1954 longitudine
515 1869 825 1935 commensurabiles
848 1872 933 1934 sunt

165 1973 254 2059 Ergo
274 1975 303 2038 si
321 1975 404 2039 duae
423 1978 530 2039 rectae
549 1974 734 2058 inaequales
755 1974 848 2039 datae
867 1979 954 2058 sunt,
978 1977 1011 2038 et
1031 1993 1114 2059 quae

95 2086 285 2164 sequuntur.

542 2219 667 2285 XVIII.

165 2343 200 2409 Si
226 2346 307 2410 duae
331 2351 438 2410 rectae
464 2344 651 2428 inaequales
680 2344 775 2410 datae
803 2347 892 2428 sunt,
920 2349 953 2409 et
979 2348 1114 2428 quartae

92 2451 185 2536 parti
209 2451 359 2536 quadrati
382 2451 521 2516 minoris
546 2451 680 2536 aequale
703 2451 848 2536 spatium
871 2450 987 2515 maiori
1011 2449 1113 2533 adpli-

93 2561 190 2624 catur
213 2557 319 2642 figura
348 2557 508 2643 quadrata
536 2557 702 2640 deficiens,
731 2557 816 2642 quod
844 2577 915 2620 earn
943 2556 977 2620 in
1004 2559 1113 2641 partes

92 2664 442 2753 incommensurabiles
472 2664 610 2746 diuidat,
638 2664 745 2729 maior
773 2662 931 2749 quadrata
957 2663 1113 2728 minorem

94 2771 230 2836 excedet
254 2769 411 2854 quadrato
436 2775 544 2836 rectae
568 2769 630 2835 sibi
653 2768 1000 2836 incommensurabilis.
1033 2769 1114 2833 etsi

94 2879 203 2943 maior
227 2875 386 2961 quadrata
409 2877 569 2942 minorem
592 2876 717 2942 excedit
740 2876 898 2961 quadrato
917 2878 1026 2941 rectae
1050 2875 1114 2939 sibi

132 3118 290 3193 σύμμετρός
309 3119 367 3177 ἐστι
385 3122 418 3194 τῇ
440 3125 495 3176 ΓΔ
513 3121 612 3176 Theon
632 3121 760 3192 (BFVb3
779 3124 838 3175 ΔΓ
854 3119 899 3189 V).
956 3126 997 3174 15.
1017 3116 1112 3190 μήκει·

92 3193 162 3265 καί]
186 3210 240 3249 orn.
260 3193 358 3249 Theon
376 3191 514 3263 (BFVb).
592 3197 634 3249 17.
657 3192 707 3246 κοιλ
724 3188 759 3246 τοὶ
781 3189 857 3262 ἑξῆς]
881 3191 918 3263 τῷ
938 3188 971 3244 δὲ
990 3187 1113 3262 τετάρτῳ

92 3263 178 3337 μέρει
195 3265 246 3319 τοῦ
265 3260 323 3320 ἀπὸ
341 3265 392 3334 τῆς
411 3260 561 3325 ἐλάσσονος
576 3265 638 3317 ἴσον
652 3259 729 3333 παρὰ
744 3257 797 3332 τὴν
832 3263 927 3327 cicccc
941 3281 981 3316 τοι
999 3263 1111 3334 αβληθῇ

61 3382 74 3403 .
92 3334 226 3394 ἐλλεῖπον
237 3336 307 3390 εἴδει
316 3335 491 3407 τετραγώνῳ,
510 3331 607 3389 καὶτὰ
623 3327 700 3402 ἑξῆς·
720 3327 790 3402 ὅπερ
806 3281 865 3388 ibes
879 3333 971 3399 δεῖξαι
983 3282 1023 3390 ρλ.
1071 3340 1113 3389 18.

91 3404 118 3465 κ’
141 3406 174 3474 Β,
192 3402 228 3476 ιη’
248 3423 304 3476 mg.
379 3413 421 3462 19.
441 3402 509 3462 ὦσιν
527 3407 558 3460 B.
623 3409 665 3460 λθ.
686 3400 835 3466 ἐλάττονος
853 3405 882 3458 F.
952 3410 995 3461 22.
1015 3401 1112 3476 μήκει]

92 3495 151 3537 om.
169 3477 201 3545 P,
221 3474 297 3545 μήκη
314 3477 345 3533 Β.
420 3482 463 3533 23.
484 3471 630 3537 ἐλάττονος
648 3476 677 3532 Β.
750 3470 782 3530 τό
801 3475 832 3530 F.
905 3474 1122 3546 oupps'csoub.
