2414 3832
349 129 624 182 ELEMENTORUM
640 129 749 181 LIBER
766 131 798 182 X.
1035 127 1075 191 31

66 273 376 341 commensurabiles
395 295 475 355 esse,
498 275 603 337 reotas
623 275 730 336 autern
750 272 899 356 potentia
918 294 1079 338 sommen-

65 380 228 447 surabiles
250 400 316 444 non
341 400 468 463 semper
491 379 590 443 etiam
614 379 824 462 longitudine.
832 376 857 464 ¹)

495 589 653 654 Lemma.

133 715 173 780 In
197 713 410 779 arithmeticis
430 714 687 779 demonstratum
707 717 765 797 est,
786 714 909 779 similes
928 734 1078 778 numeros

64 823 181 907 planos
212 843 283 887 eam
310 821 395 885 inter
423 840 456 884 se
486 820 649 885 rationem
676 820 809 904 habere,
839 842 936 904 quam
959 819 1080 883 habeat

64 951 219 992 numerus
240 926 418 1012 quadratus
438 926 665 991 adnumerum
685 925 879 1010 quadratum
897 925 999 1009 [VIIL
1012 925 1079 1008 261,

66 1038 100 1098 et
128 1035 157 1098 si
185 1032 247 1097 duo
275 1031 402 1096 numeri
435 1032 520 1095 inter
551 1053 586 1095 sa
615 1031 773 1097 rationem
801 1032 955 1117 habeant,
983 1053 1080 1115 quam

66 1139 190 1204 habeat
221 1158 374 1201 numerus
405 1137 579 1220 quadratus
610 1137 650 1200 ad
680 1159 849 1202 nnmerum
879 1137 1081 1222 quadratum,

67 1244 192 1310 similes
216 1263 367 1307 numeros
390 1242 507 1325 planos
533 1264 588 1306 eos
612 1239 723 1328 essa’)
749 1244 831 1308 unde
856 1245 1002 1329 adparet,
1024 1266 1080 1307 nu·

66 1371 175 1414 meros
199 1350 313 1433 planos
340 1369 406 1412 non
435 1347 556 1412 similes
580 1346 625 1430 (h.
644 1369 669 1412 e.
695 1350 749 1434 qui
772 1350 875 1415 latera
897 1349 1079 1435 proportio-

66 1458 159 1521 nalia
176 1476 244 1519 non
265 1455 387 1520 habent
407 1453 476 1534 [cfr.
499 1452 561 1518 VII
580 1453 642 1517 def.
660 1452 732 1540 22])
754 1455 839 1520 inter
863 1478 897 1519 se
919 1455 1080 1519 rationem

69 1583 140 1627 non
152 1560 281 1643 habere,
298 1583 393 1644 quam
412 1559 535 1624 habeat
552 1579 704 1623 numerus
724 1558 900 1643 quadratus
916 1560 956 1623 ad
970 1581 1080 1624 nume·

72 1688 146 1731 rum
165 1663 364 1749 quadratum.
395 1687 472 1729 narn
488 1665 515 1728 si
529 1664 705 1747 habebunt,
724 1664 846 1728 similes
865 1670 960 1729 erunt
977 1665 1080 1750 plani3

72 1771 157 1858 quod
186 1773 299 1836 contra
326 1770 536 1856 hypothesim
561 1774 619 1835 est.
652 1791 730 1854 ergo
753 1771 879 1835 numeri
901 1771 992 1856 plani
1015 1792 1081 1834 non

142 1983 168 2048 1)
192 1980 270 2045 Quae
285 1978 410 2046 sequitur
428 1997 455 2048 p.
474 1983 663 2046 28,17-30,
677 1983 693 2032 5
717 1979 918 2034 demonstratio
938 1978 1079 2035 corollarii

68 2055 99 2108 et
118 2051 258 2120 superflua
277 2051 320 2104 est
338 2052 367 2103 et
385 2066 403 2103 a
421 2065 546 2103 sermone
565 2048 689 2104 Euolidie
708 2050 846 2105 abhorret.
877 2052 1022 2118 praeterea
1041 2049 1081 2103 of·

67 2122 173 2204 frendit,
198 2121 273 2190 quod
291 2121 355 2190 plus
373 2120 580 2175 demonstratur
599 2118 678 2190 (λέγω
693 2116 729 2189 δή
747 2120 796 2174 lin.
812 2124 851 2189 6),
875 2137 958 2188 quarn
978 2137 1082 2191 propo-

66 2193 249 2332 srtunffiagb
267 2277 405 2330 nusquam
424 2261 643 2328 demonstratum
663 2262 712 2316 sed
731 2264 775 2316 est
792 2260 866 2327 VlII,
885 2268 919 2316 26
939 2277 1080 2326 conuersa,

68 2352 126 2404 qua
146 2333 230 2388 etiam
249 2334 279 2387 in
297 2332 346 2399 IX,
367 2337 399 2385 10
417 2350 445 2401 p.
466 2336 526 2400 358,
548 2338 580 2386 19
599 2332 695 2387 utitur.

922 2477 1081 2486 —.-.-..-.

67 2579 156 2649 supra
173 2558 207 2615 roi
226 2579 280 2616 ras.
296 2564 346 2617 est.
402 2568 426 2616 2.
445 2560 519 2615 Ante
539 2558 659 2631 δυνάμει
678 2562 741 2616 add.
756 2552 947 2616 ιουτέστιεαῖ
959 2555 1083 2627 εὐθεῖαι,

67 2625 180 2757 {aar
198 2627 533 2772 ditaremin-
558 2709 575 2756 .
597 2629 698 2773 aar}
712 2631 850 2772 llll.
879 2637 911 2756 r:
931 2628 1082 2767 zara

67 2793 148 2843 γωνα
166 2773 200 2829 V.
292 2779 315 2827 6.
340 2774 404 2844 καί]
432 2790 486 2829 om.
506 2775 536 2827 P.
629 2779 652 2828 7.
677 2774 744 2828 Post
770 2769 892 2843 δυνάμει
911 2772 974 2826 add.
995 2768 1082 2840 ἀσύμ-

68 2863 165 2929 μετροι
180 2844 212 2898 V.
269 2838 434 2933 ἐπειδήπερ]
457 2839 555 2913 ἐπειδὴ
570 2840 623 2914 γάρ
638 2844 669 2897 Ρ.
725 2850 766 2898 10.
786 2845 835 2918 τῷ]
855 2860 908 2898 orn.
923 2843 984 2898 FV.
1041 2847 1081 2898 11.

67 2911 139 2968 ἄλλα
158 2916 211 2968 καί
225 2915 259 2969 V.
333 2920 374 2969 12.
395 2934 546 2985 συμμετροι
564 2915 613 2969 καὶ
632 2910 804 2985 ἀσύμμετροι
823 2916 853 2968 P.
925 2920 965 2969 14.
986 2909 1081 2983 μήκει]

68 3006 112 3054 -η·
131 3001 146 3039 a
166 3002 235 3040 corr.
254 2985 284 3040 P.
346 2989 387 3042 15.
407 2985 472 3056 εἰσι]
492 3003 546 3040 orn.
565 2985 594 3052 P,
614 2983 686 3040 εἰσιν
704 2987 735 3053 Β,
755 3002 844 3054 comp.
864 2986 890 3040 b.
952 2990 992 3038 16.
1012 2980 1082 3036 ὑπό-

67 3074 161 3110 ustrou
179 3057 205 3110 b.
259 3055 329 3110 Post
347 3057 399 3110 καί
415 3055 467 3111 del.
484 3053 605 3126 δυνάμει
618 3055 647 3110 F.
704 3063 744 3112 19.
764 3057 869 3126 λῆμμα]
891 3072 943 3110 om.
958 3055 988 3108 P.
1039 3059 1081 3106 20.

69 3122 106 3195 δὴ
128 3121 160 3180 ἐν
177 3126 208 3182 F.
272 3123 328 3197 ὅτι]
349 3143 502 3196 suprascr.
522 3146 558 3181 m.
580 3133 594 3180 1
614 3128 639 3182 b.
695 3133 737 3181 21.
757 3125 840 3197 λόγον
858 3125 929 3196 πρὸς
948 3121 1084 3192 ἀλλήλους

70 3195 184 3267 ἔχουσιν
203 3197 233 3253 F.
299 3195 393 3267 ἔχουσι
412 3196 442 3264 Ρ,
461 3214 529 3252 oorr.
550 3215 586 3252 rn.
605 3214 659 3252 reo.
724 3203 766 3252 23.
787 3194 852 3267 δύο]
873 3214 956 3266 supra
975 3213 1026 3250 sor.
1045 3213 1081 3250 m.

69 3274 84 3322 1
104 3267 135 3322 F.
192 3273 234 3325 25.
256 3269 345 3338 Supra
365 3265 496 3324 ἐπίπεδοι
515 3284 565 3321 sor.
585 3265 615 3322 ol
632 3264 753 3337 ἀριθμοί
768 3285 804 3321 m.
822 3273 836 3320 1
852 3269 878 3322 b.
934 3262 983 3336 μή]
1000 3281 1083 3335 supra

69 3355 122 3394 scr.
141 3357 178 3393 m.
201 3345 215 3392 1
234 3339 268 3395 V.
342 3347 383 3394 29.
404 3334 572 3394 ὑπόκεινται
590 3339 620 3392 Ρ.
