2414 3832
344 148 620 201 ELEMENTORUM
637 150 746 200 LIBER
763 150 795 202 X.
1035 148 1076 211 11

380 292 411 342 H
637 293 659 342 Z

340 359 441 396 1—i
569 347 962 397 Ai—-i—-i——e—-iss

179 469 963 575 Pi-i-Ei————-—i---—--—1A

64 683 207 766 metitur,
234 687 299 747 AB
329 683 591 768 magnitudinum
620 687 699 767 AB,
728 685 791 747 ΓΔ
819 683 998 747 eommunis
1029 685 1079 747 est

61 811 224 854 mensura.
249 793 281 853 et
296 790 439 874 adparet,
456 790 589 855 eandem
606 789 780 855 maximam
800 811 879 872 eese;
897 812 972 854 nam
990 809 1079 874 mag-

61 895 178 960 nitudo
202 895 424 981 magnitudine
448 899 512 960 AB
537 896 641 961 maior
664 899 729 959 AB
753 917 820 961 non
843 896 1003 960 metietur.

131 1002 242 1086 itaque
265 1024 306 1066 ne
330 1002 484 1066 metiatur
503 1006 568 1066 AB
587 1001 845 1087 magnitudinem
864 1004 935 1067 ΓΛ.
968 1005 1000 1067 et
1019 1002 1078 1066 mi-

61 1130 144 1173 nore
177 1131 304 1194 semper
335 1108 482 1173 uicissim
513 1132 532 1173 a
563 1109 686 1174 maiore
719 1109 887 1174 subtracta
918 1108 1079 1192 reliquum

65 1215 239 1299 aliquando
264 1214 523 1301 magnitudinem
546 1216 790 1299 praecedentem
817 1215 977 1300 metietur,
1004 1215 1079 1299 quia

62 1325 145 1405 AB,
168 1325 228 1386 ΓΔ
255 1321 597 1387 incommensurabiles
624 1343 692 1386 non
718 1326 793 1387 sunt
818 1322 886 1403 [ofr.
909 1344 1000 1407 prop.
1023 1319 1080 1403 H].

63 1431 99 1494 et
122 1433 187 1492 AB
211 1427 470 1512 magnitudinem
495 1432 564 1491 EA
591 1428 728 1492 metiens
758 1450 791 1492 se
819 1429 892 1513 ipsa
919 1429 1079 1494 minorem

63 1533 230 1615 relinquat
245 1537 314 1616 ΕΓ,
334 1536 400 1598 ΕΓ
412 1538 521 1599 autem
537 1537 597 1597 ΖΒ
618 1533 756 1597 metiens
776 1554 810 1597 se
829 1535 902 1617 ipsa
920 1535 1079 1599 minorem

66 1638 231 1722 relinquat
245 1642 317 1716 AZ,
336 1643 369 1705 et
385 1645 450 1705 ΑΖ
470 1638 729 1726 magnitudinem
749 1641 808 1702 ΓΕ
825 1639 988 1702 metiatur.
1014 1638 1079 1703 iam

69 1744 221 1829 quoniam
235 1749 268 1809 A
272 1750 299 1810 Z
312 1747 573 1832 magnitudinem
584 1749 644 1812 ΓΕ
656 1746 800 1830 metitur,
813 1748 874 1811 ΓΕ
886 1748 993 1810 autem
1010 1749 1080 1824 ZB,

66 1852 167 1917 etiam
190 1858 222 1916 A
229 1856 255 1916 Z
279 1854 537 1939 magnitudinem
562 1858 622 1918 ΖΒ
648 1853 807 1918 metietur.
840 1874 953 1918 uerum
981 1853 1080 1917 etiam

65 1979 101 2023 ae
120 1959 226 2043 ipsam
244 1960 386 2026 metitur.
410 1983 509 2045 quare
529 1961 626 2026 etiam
641 1965 746 2026 totam
760 1964 825 2024 AB
841 1960 994 2024 metietur
1006 1964 1080 2027 AZ.

64 2067 123 2130 sed
143 2071 208 2131 AB
232 2067 493 2151 magnitudinem
514 2073 579 2131 ΔΕ
600 2068 741 2132 metitur.
765 2068 874 2150 itaque
898 2068 996 2132 etiam
1015 2072 1079 2132 ΑΖ

64 2174 326 2258 magnitudinem
346 2178 410 2237 ΕΛ
429 2175 589 2238 metietur.
613 2196 725 2238 uerum
744 2175 841 2237 etiam
861 2175 921 2236 ΓΕ
938 2175 1080 2238 metitur.

64 2301 167 2365 quare
193 2280 291 2345 etiam
315 2283 421 2344 totam
444 2283 507 2344 ΓΛ
529 2281 669 2347 metitur.
698 2281 808 2364 itaque
831 2283 897 2343 ΑΖ
920 2281 1080 2365 magnitu-

65 2386 178 2450 dinum
206 2390 286 2470 AB,
314 2387 381 2449 ΓΛ
411 2387 590 2451 eommunis
623 2390 673 2452 est
704 2408 863 2452 mensura.
901 2386 965 2450 iam
999 2386 1080 2469 dieo,

67 2492 202 2557 eandem
222 2492 396 2557 maximam
416 2515 495 2558 esse.
523 2515 601 2557 nam
621 2493 786 2576 siminus,
809 2492 1001 2575 magnitudo
1020 2492 1081 2556 erit

68 2599 173 2664 maior
196 2599 419 2684 magnitudine
443 2603 520 2683 AZ,
549 2621 630 2683 quae
654 2604 733 2683 AB,
756 2603 819 2664 ΓΛ
842 2600 1004 2663 metiatur.
1037 2599 1080 2661 sit

67 2709 114 2771 H.
137 2707 204 2770 iam
224 2706 377 2789 quoniam
396 2708 436 2769 H
449 2688 704 2791 magnitudinem
725 2709 786 2769 AB
806 2706 949 2786 metitur,
968 2708 1001 2768 et
1019 2708 1080 2767 AB

68 2811 327 2896 magnitudinem
357 2817 426 2876 ΕΔ
455 2813 601 2895 metitur,
631 2811 731 2876 etiam
758 2813 796 2874 H
823 2809 1080 2894 magnitudinem

69 2923 138 2986 EA
161 2919 322 2983 metietur.
345 2940 458 2983 uerum
483 2919 581 2982 etiam
604 2921 709 2982 totam
728 2919 790 2980 ΓΔ
809 2917 948 2982 metitur.
981 2939 1080 3002 quare

68 3026 166 3089 etiam
189 3025 348 3109 reliquam
366 3027 427 3090 ΓΕ
445 3025 579 3089 metitur
601 3026 644 3087 H.
668 3022 725 3087 aed
743 3025 803 3086 ΓΕ
824 3022 1080 3107 magnitudinem

69 3136 126 3196 ΖΒ
141 3132 283 3197 metitur.
306 3132 416 3215 itaque
431 3132 529 3195 etiam
543 3133 582 3193 H
591 3129 848 3214 magnitudinem
863 3133 919 3192 ZB
940 3128 1080 3192 metitur.

68 3261 181 3303 uerum
204 3238 303 3303 etiam
326 3241 430 3302 totam
449 3243 515 3302 AB
534 3237 667 3300 metitur
690 3238 723 3298 et
746 3235 905 3318 reliquam
925 3238 957 3298 A
964 3239 991 3297 Z
1015 3256 1081 3298 me-

69 3416 139 3488 ΕΔ]
160 3415 256 3486 (prius)
276 3417 332 3468 ΔΕ
350 3413 381 3468 P.
457 3419 499 3467 21.
518 3411 580 3481 nat]
602 3410 671 3479 (alt.)
692 3427 744 3466 om.
766 3410 798 3464 V.
882 3417 924 3464 aa.
943 3405 988 3481 td]
1009 3412 1019 3480 (
1037 3411 1081 3480 lt.)

68 3484 166 3542 τόνΡ.
245 3490 288 3539 24.
306 3480 405 3538 λοιπὸν
425 3479 480 3552 dou
500 3485 528 3539 F.
