2414 3832
346 184 621 236 normannorum
638 185 748 235 arnna
765 186 797 235 x.
1013 183 1079 248 255

129 325 220 410 Ergo
235 330 342 391 rectae
357 330 423 391 AB
443 349 508 391 una
522 330 650 391 tantum
665 327 816 411 congruit
828 331 917 393 recta
931 329 1078 412 potentia

61 432 125 497 toti
148 432 495 517 incommensurabilis,
519 455 591 498 cum
609 436 681 498 tota
701 437 808 497 autem
828 433 973 499 efficiens
992 457 1078 500 sum·

62 560 150 604 mam
170 538 401 624 quadratorum
416 539 557 604 mediam
578 545 612 604 et
629 538 762 623 duplum
775 542 999 626 rectangulum
1012 564 1078 606 me-

63 646 151 711 dium
166 649 396 731 praetereaque
416 668 576 711 summam
592 646 820 728 quadratorum
841 647 939 732 duplo
955 652 1079 712 rectan-

64 753 142 839 gulo
171 753 545 837 incommensurabilem3
574 753 660 837 quod
689 757 759 818 erat
782 752 1077 819 demonstrandum.
1166 829 1171 838 .

351 982 619 1049 Definitiones
641 983 794 1048 tertiae.

134 1127 160 1189 1.
184 1125 279 1191 Datis
302 1129 391 1191 recta
413 1127 565 1192 rationali
591 1130 623 1191 et
650 1131 818 1212 apotome,
846 1127 873 1191 si
901 1130 971 1192 tota
1000 1149 1075 1211 qua-

63 1230 157 1296 drata
180 1237 411 1318 congruentem
439 1233 578 1298 excedit
592 1234 750 1318 quadrato
773 1237 880 1298 rectae
904 1233 967 1298 sibi
991 1255 1078 1298 com-

63 1339 304 1423 mensurabilis,
334 1343 368 1405 et
391 1343 462 1405 tota
485 1339 639 1405 rationali
662 1339 851 1426 propositae
873 1340 1077 1425 longitudine

63 1446 363 1511 commensurabilis
387 1449 445 1529 est,
469 1449 605 1511 uocetur
627 1451 780 1530 apotome
802 1447 916 1531 prima.

132 1551 161 1614 2.
192 1549 249 1616 Sin
277 1573 458 1637 congruens
486 1552 637 1617 rationali
661 1553 849 1637 propositae
872 1550 1077 1636 longitudine

62 1652 364 1724 commensurabilis
392 1663 454 1741 est,
487 1662 520 1722 et
551 1663 621 1723 tota
654 1659 813 1742 quadrata
845 1662 1076 1743 congruentem

63 1763 186 1829 excedit
209 1763 365 1848 quadrato
388 1768 497 1832 rectae
521 1764 583 1829 sibi
607 1765 921 1849 commensurabilis,
944 1768 1078 1830 uocetur

61 1875 212 1955 apotome
236 1870 385 1938 secunda.

129 1978 159 2043 3.
183 1975 241 2043 Sin
262 1982 379 2043 neutra
397 1979 550 2044 rationali
568 1979 755 2064 propositae
774 1977 975 2063 longitudine
992 1998 1077 2042 com·

62 2083 290 2149 mensurabilis
311 2086 370 2168 est,
393 2088 426 2148 et
444 2087 516 2149 tota
529 2084 688 2169 quadrata
701 2087 931 2167 congruentem
950 2082 1078 2148 eiicedit

64 2191 220 2274 quadrato
235 2193 343 2255 rectae
358 2190 421 2255 sibi
440 2189 751 2273 commensurabilia,
770 2194 903 2255 uocetur
923 2195 1076 2274 apotome

62 2298 166 2362 tertia.

129 2403 160 2466 4.
187 2402 312 2468 Rursus
341 2404 369 2468 si
398 2406 469 2468 tota
500 2402 657 2488 quadrata
690 2407 923 2489 congruentem
951 2402 1076 2466 excedit

64 2506 223 2591 quadrato
238 2514 345 2575 rectae
360 2509 423 2574 sibi
436 2509 782 2593 incommensurabilis,
796 2509 824 2572 si
837 2511 908 2572 tota
921 2508 1076 2573 rationali

61 2614 250 2698 propositae
282 2613 484 2700 longitudine
517 2614 818 2681 commensurabilis
846 2616 909 2698 est,
941 2620 1076 2681 uocetur

60 2724 213 2803 apotome
236 2725 360 2805 quarta.

127 2825 156 2891 5.
181 2824 238 2892 Sin
261 2850 442 2914 congruens
467 2830 502 2911 ei,
522 2827 823 2895 commensurabilis
848 2829 907 2911 est,
930 2827 1052 2910 quinta.

130 2934 159 2998 6.
185 2933 243 2999 Sin
266 2939 391 3019 neutra,
415 2939 514 3000 sexta.

59 3179 128 3249 καί]
148 3197 302 3248 suprascr.
321 3198 358 3237 m.
379 3187 393 3235 1
413 3180 446 3236 V.
522 3187 562 3235 1³.
583 3176 703 3234 δύναται
721 3180 781 3235 PV.
845 3180 913 3234 Post
930 3179 1074 3231 καλείσθω

55 3267 111 3305 ras.
132 3256 147 3304 2
168 3251 224 3305 litt.
244 3250 283 3308 Vq
352 3257 393 3306 15.
414 3250 442 3306 εἰ
459 3252 491 3307 V.
562 3256 603 3306 16.
623 3249 641 3319 ἡ
661 3248 693 3305 δὲ
712 3245 763 3320 ὅλη
783 3281 816 3290 -
838 3256 879 3305 17.
900 3246 999 3320 ἑαυτῇ]
1019 3265 1072 3303 om.

20 3319 113 3388 lb,
133 3338 169 3374 nr.
189 3327 205 3374 2
224 3322 255 3376 B.
321 3328 362 3377 16.
382 3320 504 3377 δύναται
523 3321 556 3378 V.
626 3326 668 3375 19.
687 3317 719 3393 ἡ]
738 3340 775 3376 m.
794 3326 811 3375 2
829 3321 860 3374 Β.
924 3320 971 3389 reia
989 3337 1073 3388 προσ-

58 3389 231 3461 soporatam
250 3392 281 3461 B,
301 3393 350 3446 sed
370 3409 438 3447 corr.
459 3396 536 3464 (ante
554 3393 601 3462 τῆι
619 3409 671 3447 ras.
689 3398 702 3445 1
717 3393 798 3462 littl.
851 3398 899 3447 ao.
917 3389 1085 3459 eripuimus

59 3462 91 3529 B,
111 3479 180 3519 corr.
201 3482 236 3517 m.
257 3469 280 3517 2.
334 3461 430 3536 μήκει]
451 3481 504 3521 om.
524 3462 554 3523 P.
615 3459 1004 3539 ptvtsupiascmss.
1055 3459 1113 3504 Ἆ-

55 3527 88 3600 ἦ]
103 3551 138 3586 m.
159 3534 224 3586 213·
299 3539 341 3589 24·
362 3557 413 3607 -ρα
433 3535 461 3594 ἕ·
479 3537 511 3596 in
531 3555 588 3596 ras.
608 3559 649 3596 m.
670 3540 744 3597 1Ρ.
